600.050 792.000
50.7330 45.4144 49.2369 7.0854 SAGE-Hindawi
101.791 45.4144 20.3748 7.0854 Access
124.017 45.4144 6.5052 7.0854 to
132.359 45.4144 28.1225 7.0854 Research

50.7330 54.8821 20.3524 7.0854 Stroke
72.9042 54.8821 28.1177 7.0854 Research
102.858 54.8821 12.0333 7.0854 and
116.722 54.8821 32.9101 7.0854 Treatment

50.7330 64.3410 24.8149 7.0854 Volume
77.3755 64.3410 17.2059 7.0854 2010,
96.4128 64.3410 21.3973 7.0854 Article
119.637 64.3410 8.4921 7.0854 ID
129.951 64.3410 24.8524 7.0854 320627,
156.635 64.3410 3.8256 7.0854 5
162.296 64.3410 17.4816 7.0854 pages

50.7330 73.8087 80.5155 7.0854 doi:10.4061/2010/320627

50.7330 136.903 32.8099 15.9423 Case
87.6638 136.903 46.3204 15.9423 Report

50.7330 160.808 92.7197 15.9423 Intracranial
147.035 160.808 118.397 15.9423 Vertebrobasilar
269.025 160.808 49.5806 15.9423 Artery
322.192 160.808 79.8709 15.9423 Dissection
405.648 160.808 80.6295 15.9423 Associated
489.869 160.808 34.8434 15.9423 with

50.7330 180.735 90.6126 15.9423 Postpartum
144.939 180.735 88.5002 15.9423 Angiopathy

86.6430 230.951 30.3002 10.6281 James
119.346 230.951 9.0034 10.6281 S.
130.739 230.951 54.9409 10.6281 McKinney,
185.688 229.563 5.9393 7.0854 1,
192.959 229.563 3.9851 7.0854 2
199.836 230.951 33.2734 10.6281 Steven
235.495 230.951 10.7727 10.6281 R.
248.658 230.951 33.3248 10.6281 Messé,
281.979 229.563 3.9851 7.0854 1
288.864 230.951 31.1203 10.6281 Bryan
322.370 230.951 10.6867 10.6281 A.
335.447 230.951 45.7055 10.6281 Pukenas,
381.150 229.563 3.9851 7.0854 3

86.6430 244.397 48.8748 10.6281 Sudhakar
137.906 244.397 10.7967 10.6281 R.
151.092 244.397 26.4949 10.6281 Satti,
177.579 243.018 3.9851 7.0854 3
184.446 244.397 24.4948 10.6281 John
211.345 244.397 10.5157 10.6281 B.
224.260 244.397 41.9528 10.6281 Weigele,
266.211 243.018 3.9851 7.0854 3
273.087 244.397 35.1085 10.6281 Robert
310.590 244.397 13.1255 10.6281 W.
326.105 244.397 32.0803 10.6281 Hurst,
358.191 243.018 3.9851 7.0854 3
365.058 244.397 34.7762 10.6281 Joshua
402.231 244.397 13.4256 10.6281 M.
418.046 244.397 36.8038 10.6281 Levine,
454.851 243.018 5.9393 7.0854 1,
462.113 243.018 5.9393 7.0854 4,
469.385 243.018 3.9851 7.0854 5

86.6430 257.843 25.5002 10.6281 Scott
114.537 257.843 9.7243 10.6281 E.
126.651 257.843 38.7656 10.6281 Kasner,
165.402 256.464 3.9851 7.0854 1
172.278 257.843 19.1808 10.6281 and
193.841 257.843 36.2371 10.6281 Lauren
232.456 257.843 12.0543 10.6281 H.
246.900 257.843 39.6921 10.6281 Sansing
286.596 256.464 3.9851 7.0854 1

87.0930 278.774 2.8095 5.3141 1
91.0800 279.810 42.4272 7.9711 Department
135.560 279.810 6.3904 7.9711 of
144.021 279.810 37.2276 7.9711 Neurology,
183.318 279.810 13.3940 7.9711 The
198.777 279.810 29.3569 7.9711 Hospital
230.203 279.810 6.3904 7.9711 of
238.655 279.810 10.6521 7.9711 the
251.372 279.810 35.7849 7.9711 University
289.215 279.810 6.3904 7.9711 of
297.675 279.810 12.1692 7.9711 PA,
311.905 279.810 16.8541 7.9711 3400
330.827 279.810 23.1764 7.9711 Spruce
356.059 279.810 21.9246 7.9711 Street,
380.034 279.810 46.1770 7.9711 Philadelphia,
428.281 279.810 12.1692 7.9711 PA,
442.510 279.810 23.2185 7.9711 19104,
467.806 279.810 16.4157 7.9711 USA

87.0930 289.241 2.8095 5.3141 2
91.0800 290.277 42.4416 7.9711 Department
135.196 290.277 6.3904 7.9711 of
143.269 290.277 37.1881 7.9711 Neurology,
182.149 290.277 22.9190 7.9711 Robert
206.751 290.277 20.0013 7.9711 Wood
228.434 290.277 27.5797 7.9711 Johnson
257.696 290.277 27.7313 7.9711 Medical
287.109 290.277 24.4666 7.9711 School,
313.258 290.277 35.7992 7.9711 University
350.737 290.277 6.3904 7.9711 of
358.810 290.277 31.9464 7.9711 Medicine
392.434 290.277 6.7248 7.9711 &
400.840 290.277 32.7103 7.9711 Dentistry
435.221 290.277 6.3904 7.9711 of
443.294 290.277 15.6383 7.9711 New
460.611 290.277 21.3938 7.9711 Jersey,
483.678 290.277 8.4311 7.9711 97
493.789 290.277 32.4942 7.9711 Patterson
527.966 290.277 21.9255 7.9711 Street,

91.0800 300.736 15.6383 7.9711 New
108.774 300.736 38.6793 7.9711 Brunswick,
149.504 300.736 9.4210 7.9711 NJ
160.997 300.736 23.2319 7.9711 08901,
186.298 300.736 16.4211 7.9711 USA

87.0930 310.157 2.8095 5.3141 3
91.0800 311.193 42.4272 7.9711 Department
135.560 311.193 6.3904 7.9711 of
144.021 311.193 55.4464 7.9711 Neuroradiology,
201.546 311.193 13.3940 7.9711 The
216.996 311.193 29.3569 7.9711 Hospital
248.422 311.193 6.3904 7.9711 of
256.883 311.193 10.6521 7.9711 the
269.591 311.193 35.7849 7.9711 University
307.442 311.193 6.3904 7.9711 of
315.894 311.193 48.0097 7.9711 Pennsylvania,
365.973 311.193 16.8541 7.9711 3400
384.895 311.193 23.1764 7.9711 Spruce
410.136 311.193 21.9246 7.9711 Street,
434.112 311.193 46.1770 7.9711 Philadelphia,
482.358 311.193 12.1692 7.9711 PA,
496.587 311.193 23.2185 7.9711 19104,
521.875 311.193 16.4157 7.9711 USA

87.0930 320.624 2.8095 5.3141 4
91.0800 321.660 42.4308 7.9711 Department
135.564 321.660 6.3904 7.9711 of
144.024 321.660 48.3163 7.9711 Neurosurgery,
194.401 321.660 13.3976 7.9711 The
209.855 321.660 29.3596 7.9711 Hospital
241.284 321.660 6.3904 7.9711 of
249.744 321.660 10.6521 7.9711 the
262.453 321.660 35.7912 7.9711 University
300.302 321.660 6.3904 7.9711 of
308.762 321.660 48.0178 7.9711 Pennsylvania,
358.849 321.660 16.8568 7.9711 3400
377.774 321.660 23.1772 7.9711 Spruce
403.016 321.660 21.9255 7.9711 Street,
426.992 321.660 46.1868 7.9711 Philadelphia,

91.0800 332.119 48.0178 7.9711 Pennsylvania,
141.167 332.119 23.2230 7.9711 19104,
166.459 332.119 16.4175 7.9711 USA

91.0800 342.576 42.4308 7.9711 Department
136.193 342.576 6.3904 7.9711 of
145.283 342.576 50.4423 7.9711 Anesthesiology
198.413 342.576 13.3868 7.9711 and
214.498 342.576 26.2339 7.9711 Critical
243.413 342.576 18.7102 7.9711 Care,
264.813 342.576 13.3958 7.9711 The
280.896 342.576 29.3623 7.9711 Hospital
312.957 342.576 6.3904 7.9711 of
322.047 342.576 10.6530 7.9711 the
335.395 342.576 35.7885 7.9711 University
373.871 342.576 6.3904 7.9711 of
382.961 342.576 48.0178 7.9711 Pennsylvania,
433.678 342.576 16.8568 7.9711 3400
453.232 342.576 23.1781 7.9711 Spruce
479.106 342.576 21.9246 7.9711 Street,
503.711 342.576 46.1868 7.9711 Philadelphia,

91.0800 353.044 48.0178 7.9711 Pennsylvania,
141.167 353.044 23.2230 7.9711 19104,
166.459 353.044 16.4175 7.9711 USA

86.5977 371.503 59.0393 7.9711 Correspondence
147.693 371.503 24.4334 7.9711 should
174.187 371.503 8.3836 7.9711 be
184.637 371.503 35.1958 7.9711 addressed
221.893 371.503 7.3175 7.9711 to
231.271 371.503 21.0280 7.9711 James
254.372 371.503 6.4199 7.9711 S.
262.852 371.503 38.8523 7.9711 McKinney,
303.768 371.503 79.3473 7.9711 mckinnjs@umdnj.edu

86.6972 389.674 31.2891 7.9711 Received
120.064 389.674 8.6086 7.9711 22
130.732 389.674 15.6275 7.9711 May
148.426 389.674 19.3710 7.9711 2009;
169.866 389.674 32.4781 7.9711 Accepted
204.423 389.674 8.6086 7.9711 28
215.090 389.674 13.7832 7.9711 July
230.940 389.674 17.2182 7.9711 2009

86.6972 408.016 35.1510 7.9711 Academic
123.914 408.016 24.9508 7.9711 Editor:
150.925 408.016 24.3626 7.9711 Turgut
177.350 408.016 39.4907 7.9711 Tatlisumak

86.8505 426.358 36.7551 7.9711 Copyright
125.838 426.358 6.2944 7.9711 ©
134.377 426.358 17.1967 7.9711 2010
153.821 426.358 21.0101 7.9711 James
176.894 426.358 6.4173 7.9711 S.
185.371 426.358 37.2384 7.9711 McKinney
224.675 426.358 6.5589 7.9711 et
233.296 426.358 8.3101 7.9711 al.
244.547 426.358 15.7620 7.9711 This
263.235 426.358 5.5619 7.9711 is
271.724 426.358 8.7987 7.9711 an
283.456 426.358 18.0628 7.9711 open
304.452 426.358 21.2943 7.9711 access
328.691 426.358 22.2044 7.9711 article
353.825 426.358 39.5104 7.9711 distributed
396.259 426.358 21.5032 7.9711 under
420.699 426.358 11.3030 7.9711 the
434.922 426.358 29.4430 7.9711 Creative
467.303 426.358 37.9350 7.9711 Commons
508.165 426.358 41.0697 7.9711 Attribution

86.8505 436.825 28.5230 7.9711 License,
118.027 436.825 21.7274 7.9711 which
142.418 436.825 27.6147 7.9711 permits
172.691 436.825 43.3992 7.9711 unrestricted
218.745 436.825 13.9356 7.9711 use,
235.335 436.825 45.1691 7.9711 distribution,
283.158 436.825 13.5321 7.9711 and
299.354 436.825 47.5031 7.9711 reproduction
349.512 436.825 7.2807 7.9711 in
359.447 436.825 12.6023 7.9711 any
374.711 436.825 32.6341 7.9711 medium,
410.008 436.825 32.2539 7.9711 provided
444.926 436.825 11.3129 7.9711 the
458.890 436.825 28.0299 7.9711 original
489.583 436.825 18.3497 7.9711 work
510.586 436.825 5.5681 7.9711 is
518.812 436.825 30.5091 7.9711 properly

86.8505 447.283 19.4786 7.9711 cited.

86.8505 466.210 43.7489 7.9711 Background.
134.036 466.210 57.2011 7.9711 Cervicocephalic
194.680 466.210 25.7264 7.9711 arterial
223.835 466.210 35.6692 7.9711 dissection
262.925 466.210 30.7727 7.9711 (CCAD)
297.112 466.210 5.5672 7.9711 is
306.102 466.210 14.2234 7.9711 rare
323.750 466.210 7.2798 7.9711 in
334.460 466.210 11.3138 7.9711 the
349.190 466.210 42.4353 7.9711 postpartum
395.046 466.210 25.8412 7.9711 period.
424.324 466.210 9.0094 7.9711 To
436.762 466.210 12.7664 7.9711 our
452.952 466.210 38.4757 7.9711 knowledge
494.871 466.210 13.1152 7.9711 this
511.408 466.210 5.5672 7.9711 is
520.398 466.210 11.3138 7.9711 the
535.137 466.210 14.1472 7.9711 ﬁrst

86.8505 476.669 30.9439 7.9711 reported
120.809 476.669 14.5946 7.9711 case
138.423 476.669 7.2798 7.9711 of
148.719 476.669 42.4003 7.9711 postpartum
194.135 476.669 39.9552 7.9711 angiopathy
237.120 476.669 21.6987 7.9711 (PPA)
261.828 476.669 37.6347 7.9711 presenting
302.474 476.669 16.1530 7.9711 with
321.651 476.669 31.2927 7.9711 ischemic
355.963 476.669 21.8072 7.9711 stroke
380.781 476.669 13.3402 7.9711 due
397.141 476.669 7.3175 7.9711 to
407.473 476.669 41.8543 7.9711 intracranial
452.351 476.669 25.7533 7.9711 arterial
481.128 476.669 37.8203 7.9711 dissection.
522.021 476.669 18.5497 7.9711 Case.
543.585 476.669 5.7833 7.9711 A

86.8505 487.136 41.4041 7.9711 41-year-old
131.755 487.136 26.7701 7.9711 woman
162.035 487.136 34.6767 7.9711 presented
200.221 487.136 16.1503 7.9711 with
219.872 487.136 26.7593 7.9711 blurred
250.132 487.136 23.8488 7.9711 vision,
277.481 487.136 35.4415 7.9711 headache,
316.441 487.136 13.5321 7.9711 and
333.483 487.136 40.5434 7.9711 generalized
377.544 487.136 27.9805 7.9711 seizures
409.029 487.136 4.3039 7.9711 5
416.832 487.136 15.6715 7.9711 days
436.016 487.136 16.2642 7.9711 after
455.784 487.136 35.4890 7.9711 delivering
494.781 487.136 21.5911 7.9711 twins.
519.881 487.136 12.8076 7.9711 She
536.195 487.136 13.1645 7.9711 was

86.8505 497.595 24.8755 7.9711 treated
114.200 497.595 16.1530 7.9711 with
132.828 497.595 41.9367 7.9711 magnesium
177.249 497.595 10.5445 7.9711 for
190.272 497.595 37.3693 7.9711 eclampsia.
230.124 497.595 16.5950 7.9711 MRI
249.188 497.595 34.3341 7.9711 identiﬁed
286.005 497.595 30.3459 7.9711 multiple
318.823 497.595 32.7067 7.9711 posterior
354.008 497.595 38.7348 7.9711 circulation
395.218 497.595 28.8593 7.9711 infarcts.
426.560 497.595 46.5939 7.9711 Angiography
475.626 497.595 34.3350 7.9711 identiﬁed
512.445 497.595 3.9094 7.9711 a
518.826 497.595 30.5091 7.9711 complex

86.8505 508.053 35.6370 7.9711 dissection
124.872 508.053 35.3330 7.9711 extending
162.605 508.053 17.8279 7.9711 from
182.819 508.053 16.7896 7.9711 both
201.994 508.053 36.4861 7.9711 intradural
240.864 508.053 31.7733 7.9711 vertebral
275.040 508.053 28.6476 7.9711 arteries,
306.071 508.053 29.1551 7.9711 through
337.612 508.053 11.3066 7.9711 the
351.309 508.053 23.5314 7.9711 basilar
377.238 508.053 22.9127 7.9711 artery,
402.544 508.053 13.5312 7.9711 and
418.460 508.053 14.5892 7.9711 into
435.442 508.053 16.8201 7.9711 both
454.647 508.053 32.6969 7.9711 posterior
489.733 508.053 28.4800 7.9711 cerebral
520.606 508.053 28.6476 7.9711 arteries.

86.8505 518.520 30.6445 7.9711 Multiple
120.037 518.520 33.1264 7.9711 segments
155.723 518.520 7.2529 7.9711 of
165.524 518.520 25.7479 7.9711 arterial
193.827 518.520 34.6309 7.9711 dilatation
231.006 518.520 13.5330 7.9711 and
247.094 518.520 37.4437 7.9711 narrowing
287.091 518.520 35.9508 7.9711 consistent
325.590 518.520 16.1512 7.9711 with
344.297 518.520 15.0591 7.9711 PPA
361.907 518.520 16.7268 7.9711 were
381.186 518.520 28.4118 7.9711 present.
412.153 518.520 23.6838 7.9711 Xenon
438.393 518.520 34.3655 7.9711 enhanced
475.323 518.520 11.3398 7.9711 CT
489.203 518.520 30.6149 7.9711 (Xe-CT)
522.359 518.520 26.9889 7.9711 showed

86.8505 528.979 28.6889 7.9711 reduced
118.194 528.979 29.2125 7.9711 regional
150.061 528.979 28.4970 7.9711 cerebral
181.221 528.979 20.8585 7.9711 blood
204.734 528.979 15.4823 7.9711 ﬂow
222.867 528.979 14.2279 7.9711 that
239.742 528.979 5.5681 7.9711 is
247.967 528.979 34.6731 7.9711 improved
285.295 528.979 16.1503 7.9711 with
304.092 528.979 32.5480 7.9711 elevation
339.304 528.979 7.2789 7.9711 in
349.237 528.979 20.8756 7.9711 blood
372.759 528.979 31.9849 7.9711 pressure.
407.399 528.979 40.7254 7.9711 Conclusion.
450.778 528.979 42.3519 7.9711 Intracranial
495.784 528.979 53.5375 7.9711 vertebrobasilar

86.8505 539.437 35.6692 7.9711 dissection
124.157 539.437 27.0337 7.9711 causing
152.845 539.437 21.8072 7.9711 stroke
176.285 539.437 5.5672 7.9711 is
183.503 539.437 3.9094 7.9711 a
189.055 539.437 14.2261 7.9711 rare
204.915 539.437 47.3471 7.9711 complication
253.918 539.437 7.2529 7.9711 of
262.819 539.437 38.9115 7.9711 pregnancy.
303.395 539.437 36.4215 7.9711 Eclampsia
341.460 539.437 13.5375 7.9711 and
356.645 539.437 15.0627 7.9711 PPA
373.358 539.437 15.1487 7.9711 may
390.150 539.437 14.7542 7.9711 play
406.557 539.437 3.9094 7.9711 a
412.110 539.437 13.8271 7.9711 role
427.571 539.437 7.2798 7.9711 in
436.498 539.437 8.3370 7.9711 its
446.475 539.437 48.2383 7.9711 pathogenesis.
496.369 539.437 21.5158 7.9711 Blood
519.532 539.437 29.8411 7.9711 pressure

86.8505 549.905 46.7696 7.9711 management
135.691 549.905 15.1487 7.9711 may
152.906 549.905 8.4096 7.9711 be
163.382 549.905 27.6587 7.9711 tailored
193.101 549.905 19.3916 7.9711 using
214.551 549.905 42.8477 7.9711 quantitative
259.474 549.905 20.8792 7.9711 blood
282.414 549.905 15.4832 7.9711 ﬂow
299.963 549.905 27.0131 7.9711 studies,
329.035 549.905 16.4740 7.9711 such
347.570 549.905 7.0915 7.9711 as
356.725 549.905 25.2189 7.9711 Xe-CT.

50.7330 583.859 8.9077 10.6281 1.
62.0306 583.859 23.5790 10.6281 Case
87.9935 583.859 35.2245 10.6281 Report

308.662 585.158 10.5883 8.8568 no
322.830 585.158 28.3625 8.8568 further
354.763 585.158 28.3506 8.8568 clinical
386.696 585.158 33.4803 8.8568 seizures.
423.770 585.158 6.4259 8.8568 A
433.770 585.158 48.4730 8.8568 noncontrast
485.824 585.158 12.5987 8.8568 CT
501.997 585.158 8.0597 8.8568 of
513.644 585.158 12.5688 8.8568 the
529.786 585.158 19.0923 8.8568 head

308.662 596.525 14.6311 8.8568 was
325.975 596.525 31.7588 8.8568 normal.
360.419 596.525 20.0995 8.8568 After
383.198 596.525 43.0205 8.8568 extubation
428.916 596.525 12.5688 8.8568 the
444.177 596.525 37.7064 8.8568 following
484.567 596.525 15.6592 8.8568 day,
502.911 596.525 13.0271 8.8568 she
518.630 596.525 30.1966 8.8568 became

308.662 607.892 36.9234 8.8568 lethargic,
347.929 607.892 15.0455 8.8568 and
365.320 607.892 13.1486 8.8568 her
380.805 607.892 27.7608 8.8568 mental
410.906 607.892 22.9488 8.8568 status
436.196 607.892 28.2081 8.8568 rapidly
466.755 607.892 35.9779 8.8568 declined.
505.085 607.892 18.4388 8.8568 MRI
525.864 607.892 8.0597 8.8568 of
536.268 607.892 12.5708 8.8568 the

308.662 619.260 21.2811 8.8568 brain
331.776 619.260 29.9805 8.8568 showed
363.606 619.260 26.9478 8.8568 several
392.381 619.260 19.9272 8.8568 areas
414.144 619.260 8.0597 8.8568 of
424.044 619.260 21.0589 8.8568 acute
446.931 619.260 39.4310 8.8568 infarction
488.194 619.260 8.0856 8.8568 in
498.121 619.260 12.5608 8.8568 the
512.528 619.260 36.3027 8.8568 posterior

308.662 630.627 45.4165 8.8568 circulation.
356.161 630.627 14.2306 8.8568 She
372.481 630.627 14.6361 8.8568 was
389.196 630.627 44.0666 8.8568 transferred
435.338 630.627 8.1295 8.8568 to
445.552 630.627 14.1808 8.8568 our
461.819 630.627 49.6187 8.8568 neurological
513.526 630.627 35.3473 8.8568 intensive

308.662 641.994 16.2151 8.8568 care
326.984 641.994 16.5419 8.8568 unit
345.640 641.994 49.8479 8.8568 (NeuroICU)
397.607 641.994 11.7419 8.8568 for
411.462 641.994 28.3685 8.8568 further
441.935 641.994 41.6427 8.8568 evaluation
485.689 641.994 10.5604 8.8568 on
498.360 641.994 12.5688 8.8568 the
513.045 641.994 19.8296 8.8568 third
534.995 641.994 13.8879 8.8568 day

308.662 653.371 8.0846 8.8568 of
319.037 653.371 61.5639 8.8568 hospitalization.

323.602 664.738 12.8597 8.8568 On
340.743 664.738 49.8628 8.8568 presentation
394.896 664.738 8.1295 8.8568 to
407.306 664.738 14.1828 8.8568 our
425.780 664.738 28.6704 8.8568 facility,
458.737 664.738 13.0271 8.8568 she
476.049 664.738 14.6311 8.8568 was
494.955 664.738 34.5294 8.8568 lethargic
533.772 664.738 15.0395 8.8568 and

308.662 676.105 29.4753 8.8568 opened
340.401 676.105 13.1526 8.8568 her
355.801 676.105 16.3257 8.8568 eyes
374.378 676.105 17.5262 8.8568 only
394.164 676.105 8.1295 8.8568 to
404.550 676.105 34.0133 8.8568 repeated
440.809 676.105 24.0617 8.8568 tactile
467.130 676.105 48.3644 8.8568 stimulation.
517.766 676.105 14.2385 8.8568 She
534.264 676.105 14.6400 8.8568 was

308.662 687.473 33.6038 8.8568 oriented
345.295 687.473 8.1295 8.8568 to
356.437 687.473 24.5558 8.8568 name,
384.010 687.473 22.3242 8.8568 could
409.345 687.473 24.9095 8.8568 follow
437.274 687.473 26.3361 8.8568 simple
466.635 687.473 46.5243 8.8568 commands,
516.177 687.473 15.0435 8.8568 and
534.240 687.473 14.6291 8.8568 was

308.662 698.840 31.0445 8.8568 severely
343.272 698.840 40.2629 8.8568 dysarthric
387.121 698.840 17.9536 8.8568 with
408.647 698.840 71.3830 8.8568 incomprehensible
483.604 698.840 28.9443 8.8568 speech.
516.132 698.840 14.2326 8.8568 She
533.939 698.840 14.9120 8.8568 had

308.662 710.207 4.3437 8.8568 a
317.357 710.207 19.4550 8.8568 right
341.167 710.207 55.8703 8.8568 homonymous
401.385 710.207 49.8399 8.8568 hemianopia,
455.593 710.207 50.0461 8.8568 disconjugate
509.978 710.207 19.5327 8.8568 gaze,
533.851 710.207 15.0356 8.8568 and

308.662 721.575 14.6371 8.8568 was
326.288 721.575 56.0984 8.8568 quadriparetic.
385.395 721.575 14.2385 8.8568 She
402.632 721.575 14.6400 8.8568 was
420.260 721.575 27.6592 8.8568 treated
450.912 721.575 17.9616 8.8568 with
471.871 721.575 4.3437 8.8568 a
479.206 721.575 46.6070 8.8568 magnesium
528.809 721.575 20.0487 8.8568 infu-

308.662 732.942 19.1601 8.8568 sion,
330.913 732.942 47.1898 8.8568 intravenous
381.199 732.942 55.4728 8.8568 levetiracetam,
439.762 732.942 27.6323 8.8568 aspirin
470.487 732.942 14.3422 8.8568 325
486.500 732.942 12.7501 8.8568 mg
502.339 732.942 20.9812 8.8568 daily,
526.411 732.942 15.0395 8.8568 and
544.533 732.942 4.3437 8.8568 a

50.7330 608.041 6.4259 8.8568 A
61.4787 608.041 46.0362 8.8568 41-year-old
111.848 608.041 35.9361 8.8568 pregnant
152.122 608.041 29.7643 8.8568 woman
186.203 608.041 17.9596 8.8568 with
208.482 608.041 10.5863 8.8568 no
223.404 608.041 21.3768 8.8568 other
249.108 608.041 16.2151 8.8568 past
269.652 608.041 21.2891 8.8568 med-

50.7330 619.408 13.6438 8.8568 ical
68.6886 619.408 27.9839 8.8568 history
100.994 619.408 38.5244 8.8568 presented
143.843 619.408 8.1295 8.8568 to
156.290 619.408 4.3437 8.8568 a
164.949 619.408 46.6459 8.8568 community
215.916 619.408 31.8106 8.8568 hospital
252.057 619.408 17.9506 8.8568 with
274.318 619.408 16.6077 8.8568 pre-

50.7330 630.776 39.1490 8.8568 eclampsia
94.4300 630.776 7.4251 8.8568 at
106.400 630.776 33.1605 8.8568 36-week
144.110 630.776 38.4048 8.8568 gestation.
187.081 630.776 14.2385 8.8568 She
205.865 630.776 14.9160 8.8568 had
225.322 630.776 4.3437 8.8568 a
234.214 630.776 28.9772 8.8568 systolic
267.740 630.776 23.2069 8.8568 blood

50.7330 642.143 33.1157 8.8568 pressure
85.8830 642.143 23.4799 8.8568 (SBP)
111.401 642.143 8.0817 8.8568 of
121.530 642.143 14.3302 8.8568 160
137.531 642.143 28.5787 8.8568 mmHg
168.155 642.143 17.9436 8.8568 with
188.142 642.143 45.1854 8.8568 proteinuria
235.391 642.143 13.5730 8.8568 but
251.007 642.143 10.5863 8.8568 no
263.642 642.143 27.2866 8.8568 neuro-

50.7330 653.510 19.1053 8.8568 logic
72.7942 653.510 19.8066 8.8568 signs
95.5617 653.510 8.8020 8.8568 or
107.313 653.510 43.8075 8.8568 symptoms.
154.085 653.510 23.5506 8.8568 Twins
180.587 653.510 18.5663 8.8568 were
202.097 653.510 36.0387 8.8568 delivered
241.093 653.510 9.4754 8.8568 by
253.513 653.510 37.4235 8.8568 emergent

50.7330 664.877 36.0636 8.8568 Cesarean
90.2487 664.877 28.2589 8.8568 section
121.959 664.877 23.9073 8.8568 under
149.320 664.877 23.7160 8.8568 spinal
176.501 664.877 40.5707 8.8568 anesthesia
220.522 664.877 31.5436 8.8568 without
255.522 664.877 35.3961 8.8568 apparent

50.7330 676.245 58.5054 8.8568 complications.
111.536 676.245 14.2326 8.8568 She
128.055 676.245 14.6371 8.8568 was
144.979 676.245 42.8163 8.8568 discharged
190.085 676.245 22.8502 8.8568 home
215.231 676.245 10.5604 8.8568 on
228.083 676.245 31.8285 8.8568 hospital
262.207 676.245 13.8879 8.8568 day
278.391 676.245 7.1701 8.8568 5.

65.6729 687.612 15.5357 8.8568 The
86.4649 687.612 37.6995 8.8568 following
129.413 687.612 13.8918 8.8568 day
148.562 687.612 13.0351 8.8568 she
166.854 687.612 40.4302 8.8568 developed
212.545 687.612 4.3437 8.8568 a
222.148 687.612 24.0676 8.8568 severe
251.463 687.612 39.4270 8.8568 headache,

50.7330 698.979 29.7593 8.8568 blurred
83.1433 698.979 26.4856 8.8568 vision,
112.295 698.979 15.0276 8.8568 and
129.974 698.979 16.1324 8.8568 SBP
148.735 697.983 20.2868 9.9626 >160
170.683 698.979 31.1012 8.8568 mmHg.
204.443 698.979 14.2286 8.8568 She
221.327 698.979 14.9100 8.8568 had
238.888 698.979 4.3437 8.8568 a
245.881 698.979 45.0818 8.8568 generalized

50.7330 710.347 47.9490 8.8568 tonic-clonic
101.979 710.347 27.5416 8.8568 seizure
132.797 710.347 8.0856 8.8568 in
144.174 710.347 12.5628 8.8568 the
160.022 710.347 42.9687 8.8568 emergency
206.269 710.347 49.2551 8.8568 department.
258.811 710.347 14.2266 8.8568 She
276.324 710.347 14.6341 8.8568 was

50.7330 721.714 52.4710 8.8568 orotracheally
106.823 721.714 38.4267 8.8568 intubated
148.890 721.714 11.7379 8.8568 for
164.252 721.714 26.1618 8.8568 airway
194.052 721.714 44.0237 8.8568 protection,
241.724 721.714 27.6492 8.8568 treated
273.004 721.714 17.9516 8.8568 with

50.7330 733.081 46.6319 8.8568 magnesium
102.259 733.081 28.2669 8.8568 sulfate,
135.425 733.081 55.4478 8.8568 levetiracetam,
195.780 733.081 15.0515 8.8568 and
215.732 733.081 36.1991 8.8568 labetalol.
256.848 733.081 14.2465 8.8568 She
276.000 733.081 14.9190 8.8568 had

50.7330 45.1903 4.7820 8.8568 2

425.258 45.1903 25.4305 8.8568 Stroke
452.975 45.1903 35.1520 8.8568 Research
490.404 45.1903 15.0395 8.8568 and
507.734 45.1903 41.1326 8.8568 Treatment

100.530 190.287 9.3760 7.0854 (a)

228.654 190.287 10.0057 7.0854 (b)

50.7330 203.247 26.2007 7.9711 Figure
79.4784 203.247 6.4675 7.9711 1:
88.5013 203.247 33.9979 7.9711 Diﬀusion
125.046 203.247 32.3248 7.9711 weighted
159.935 203.247 16.5807 7.9711 MRI
179.065 203.247 48.2796 7.9711 demonstrates
229.895 203.247 24.2165 7.9711 several
256.676 203.247 34.2794 7.9711 conﬂuent

50.7321 213.706 17.9615 7.9711 areas
72.3680 213.706 7.2834 7.9711 of
83.3241 213.706 33.6733 7.9711 restricted
120.669 213.706 34.3745 7.9711 diﬀusion,
158.714 213.706 35.9687 7.9711 consistent
198.365 213.706 16.1548 7.9711 with
218.192 213.706 37.6069 7.9711 infarction,
259.478 213.706 31.4254 7.9711 conﬁned

50.7321 224.173 7.3175 7.9711 to
60.9108 224.173 11.3066 7.9711 the
75.0848 224.173 29.1130 7.9711 bilateral
107.068 224.173 32.6870 7.9711 posterior
142.620 224.173 38.7062 7.9711 circulation
184.206 224.173 19.4436 7.9711 (a,b).
206.511 224.173 15.7925 7.9711 This
225.168 224.173 13.1627 7.9711 was
241.205 224.173 37.2769 7.9711 conﬁrmed
281.353 224.173 9.5035 7.9711 on

50.7321 234.632 31.8513 7.9711 apparent
86.9501 234.632 32.2234 7.9711 diﬀusion
123.539 234.632 36.9532 7.9711 coeﬃcient
164.868 234.632 19.2249 7.9711 maps
188.460 234.632 15.6320 7.9711 (not
208.459 234.632 29.0583 7.9711 shown).
241.890 234.632 11.0260 7.9711 No
257.289 234.632 33.6787 7.9711 restricted

50.7321 245.090 32.1957 7.9711 diﬀusion
84.9802 245.090 13.1618 7.9711 was
100.215 245.090 26.2742 7.9711 present
128.551 245.090 7.2807 7.9711 in
137.893 245.090 11.3111 7.9711 the
151.270 245.090 28.9184 7.9711 anterior
182.253 245.090 38.6990 7.9711 circulation
223.022 245.090 15.6123 7.9711 (not
240.688 245.090 29.0386 7.9711 shown).

50.7330 410.112 26.2007 7.9711 Figure
81.0717 410.112 6.4477 7.9711 2:
91.6682 410.112 10.8323 7.9711 3D
106.646 410.112 18.7963 7.9711 Time
129.579 410.112 7.2726 7.9711 of
140.992 410.112 20.9814 7.9711 Flight
166.124 410.112 19.3620 7.9711 MRA
189.620 410.112 23.2239 7.9711 source
216.980 410.112 24.6800 7.9711 images
245.813 410.112 45.1046 7.9711 demonstrate

50.7330 420.571 3.9094 7.9711 a
58.9767 420.571 20.5160 7.9711 linear
83.8432 420.571 20.8065 7.9711 ﬁlling
108.985 420.571 21.4342 7.9711 defect
134.776 420.571 23.0284 7.9711 (white
162.139 420.571 24.3590 7.9711 arrow)
190.840 420.571 7.2807 7.9711 in
202.458 420.571 11.3192 7.9711 the
218.121 420.571 19.2553 7.9711 distal
241.713 420.571 23.5673 7.9711 basilar
269.622 420.571 21.3293 7.9711 artery

50.7330 431.038 16.1485 7.9711 with
70.3461 431.038 34.3001 7.9711 extension
108.120 431.038 14.5874 7.9711 into
126.172 431.038 11.3111 7.9711 the
140.944 431.038 17.5212 7.9711 right
161.932 431.038 32.6933 7.9711 posterior
198.094 431.038 28.4782 7.9711 cerebral
230.045 431.038 21.3212 7.9711 artery
254.828 431.038 23.3091 7.9711 (PCA)
281.588 431.038 9.3080 7.9711 P1

50.7330 441.496 32.0979 7.9711 segment.
85.4401 441.496 38.2749 7.9711 Additional
126.315 441.496 24.7132 7.9711 images
153.641 441.496 15.6195 7.9711 (not
171.853 441.496 26.8956 7.9711 shown)
201.354 441.496 49.8702 7.9711 demonstrated
253.833 441.496 13.1152 7.9711 this
269.543 441.496 21.4118 7.9711 defect

50.7330 451.955 13.9903 7.9711 also
66.7838 451.955 35.3294 7.9711 extending
104.180 451.955 14.6000 7.9711 into
120.841 451.955 11.3174 7.9711 the
134.224 451.955 11.4438 7.9711 left
147.730 451.955 16.6972 7.9711 PCA
166.483 451.955 9.3080 7.9711 P1
177.859 451.955 32.1132 7.9711 segment.

50.7330 483.949 45.5331 8.8568 nicardipine
99.7948 483.949 33.1575 8.8568 infusion
136.459 483.949 24.1613 8.8568 which
164.130 483.949 14.6271 8.8568 was
182.249 483.949 29.4255 8.8568 titrated
215.189 483.949 8.1295 8.8568 to
226.826 483.949 36.1294 8.8568 maintain
266.472 483.949 4.3437 8.8568 a
274.329 483.949 16.5917 8.8568 goal

50.7330 495.316 16.1374 8.8568 SBP
68.9257 495.316 13.7663 8.8568 less
84.7443 495.316 18.1688 8.8568 than
104.970 495.316 14.3442 8.8568 120
120.985 495.316 31.1102 8.8568 mmHg.
154.159 495.316 12.8607 8.8568 On
169.077 495.316 12.5708 8.8568 the
183.700 495.316 19.8325 8.8568 third
205.599 495.316 13.8889 8.8568 day
221.550 495.316 8.0597 8.8568 of
231.666 495.316 59.2346 8.8568 hospitalization

50.7330 506.684 7.4211 8.8568 at
61.9609 506.684 14.1847 8.8568 our
79.9593 506.684 42.1219 8.8568 institution
125.902 506.684 13.0291 8.8568 she
142.748 506.684 30.2016 8.8568 became
176.757 506.684 39.9401 8.8568 comatose,
220.498 506.684 15.0455 8.8568 and
239.355 506.684 13.1486 8.8568 her
256.318 506.684 16.1394 8.8568 SBP
276.258 506.684 14.6331 8.8568 was

50.7330 518.051 45.4065 8.8568 persistently
98.8205 517.055 20.2948 9.9626 >130
120.777 518.051 28.6026 8.8568 mmHg
152.045 518.051 28.0328 8.8568 despite
182.761 518.051 39.4629 8.8568 aggressive
224.889 518.051 31.3125 8.8568 medical
258.865 518.051 32.0626 8.8568 therapy.

50.7330 529.418 47.5854 8.8568 Continuous
100.235 529.418 18.0343 8.8568 EEG
120.176 529.418 29.9944 8.8568 showed
152.083 529.418 26.7346 8.8568 diﬀuse
180.718 529.418 30.5762 8.8568 slowing
213.204 529.418 13.5790 8.8568 but
228.682 529.418 10.5863 8.8568 no
241.174 529.418 49.7502 8.8568 epileptiform

50.7330 540.785 30.9578 8.8568 activity.
86.1221 540.785 18.4348 8.8568 MRI
108.967 540.785 8.0866 8.8568 of
121.468 540.785 12.5668 8.8568 the
138.454 540.785 21.2901 8.8568 brain
164.169 540.785 63.1549 8.8568 redemonstrated
231.738 540.785 33.7015 8.8568 multiple
269.877 540.785 21.0649 8.8568 acute

50.7330 552.153 29.7244 8.8568 infarcts
82.7349 552.153 30.6270 8.8568 isolated
115.661 552.153 8.1295 8.8568 to
126.083 552.153 12.5668 8.8568 the
140.936 552.153 36.3207 8.8568 posterior
179.567 552.153 43.0285 8.8568 circulation
224.887 552.153 29.1456 8.8568 (Figure
256.319 552.153 10.8602 8.8568 1).

65.6729 563.520 23.2318 8.8568 There
91.0477 563.520 14.6321 8.8568 was
107.812 563.520 4.3437 8.8568 a
114.292 563.520 21.1516 8.8568 small
137.586 563.520 16.3945 8.8568 area
156.116 563.520 8.0827 8.8568 of
166.336 563.520 51.3980 8.8568 hemorrhagic
219.880 563.520 60.8296 8.8568 transformation
282.847 563.520 8.0597 8.8568 of

50.7330 574.887 12.5728 8.8568 the
66.6901 574.887 12.7123 8.8568 left
82.7767 574.887 33.8479 8.8568 occipital
120.008 574.887 16.9763 8.8568 lobe
140.378 574.887 26.1996 8.8568 infarct
169.952 574.887 17.3449 8.8568 seen
190.677 574.887 10.5902 8.8568 on
204.648 574.887 33.3448 8.8568 gradient
241.385 574.887 18.7307 8.8568 echo
263.497 574.887 27.4669 8.8568 images

50.7330 586.255 17.3608 8.8568 (not
72.2781 586.255 32.2818 8.8568 shown).
108.766 586.255 21.5232 8.8568 MRA
134.456 586.255 8.0597 8.8568 of
146.705 586.255 12.5768 8.8568 the
163.476 586.255 19.1043 8.8568 head
186.761 586.255 15.0475 8.8568 and
205.999 586.255 18.6071 8.8568 neck
228.805 586.255 32.6773 8.8568 revealed
265.663 586.255 25.2960 8.8568 patent

50.7330 597.631 30.4328 8.8568 cervical
84.4694 597.631 29.4415 8.8568 arteries
117.223 597.631 17.9546 8.8568 with
138.489 597.631 9.7823 8.8568 an
151.580 597.631 35.4160 8.8568 apparent
190.317 597.631 39.7189 8.8568 dissection
233.353 597.631 15.0575 8.8568 ﬂap
251.718 597.631 39.2357 8.8568 visualized

50.7330 608.998 45.9953 8.8568 throughout
99.0138 608.998 12.5648 8.8568 the
113.874 608.998 26.1478 8.8568 basilar
142.305 608.998 23.7170 8.8568 artery
168.309 608.998 29.1227 8.8568 (Figure
199.718 608.998 10.8692 8.8568 2).

65.6729 620.366 6.4259 8.8568 A
75.0059 620.366 51.4957 8.8568 conventional
129.408 620.366 43.1620 8.8568 angiogram
175.476 620.366 41.4056 8.8568 conﬁrmed
219.785 620.366 4.3437 8.8568 a
227.030 620.366 31.4559 8.8568 “double
261.394 620.366 29.5371 8.8568 lumen”

50.7330 631.733 26.0273 8.8568 within
83.1194 631.733 12.5608 8.8568 the
102.044 631.733 26.1359 8.8568 basilar
134.532 631.733 23.7150 8.8568 artery
164.603 631.733 17.9476 8.8568 with
188.914 631.733 31.9471 8.8568 possible
227.234 631.733 49.2152 8.8568 involvement
282.820 631.733 8.0837 8.8568 of

50.7330 643.100 18.6550 8.8568 both
73.7984 643.100 40.5428 8.8568 intradural
118.751 643.100 35.2975 8.8568 vertebral
158.450 643.100 31.8195 8.8568 arteries,
194.683 643.100 4.3437 8.8568 a
203.431 643.100 28.7570 8.8568 ﬁnding
236.610 643.100 29.4146 8.8568 speciﬁc
270.429 643.100 11.7180 8.8568 for
286.545 643.100 4.3437 8.8568 a

50.7330 654.468 59.4917 8.8568 vertebrobasilar
113.732 654.468 39.7119 8.8568 dissection
156.969 654.468 10.8592 8.8568 [1,
171.350 654.468 10.8572 8.8568 2].
185.729 654.468 8.6884 8.8568 In
197.933 654.468 36.2320 8.8568 addition,
237.705 654.468 29.9117 8.8568 distinct
271.144 654.468 19.7917 8.8568 from

50.7330 665.835 12.5728 8.8568 the
67.3476 665.835 59.5076 8.8568 vertebrobasilar
130.903 665.835 42.1169 8.8568 dissection,
177.081 665.835 20.2938 8.8568 there
201.417 665.835 18.5663 8.8568 were
224.025 665.835 33.7214 8.8568 multiple
261.806 665.835 29.1516 8.8568 regions

50.7330 677.202 8.0876 8.8568 of
63.0547 677.202 40.1274 8.8568 segmental
107.430 677.202 41.6028 8.8568 narrowing
153.283 677.202 15.0395 8.8568 and
172.566 677.202 38.4875 8.8568 dilatation
215.298 677.202 8.0597 8.8568 of
227.601 677.202 12.5688 8.8568 the
244.409 677.202 46.4935 8.8568 intracranial

50.7330 688.570 29.4335 8.8568 arteries
83.6674 688.570 59.4090 8.8568 predominantly
146.588 688.570 8.0846 8.8568 in
158.170 688.570 12.5628 8.8568 the
174.235 688.570 36.3087 8.8568 posterior
214.060 688.570 45.3986 8.8568 circulation,
262.954 688.570 27.9570 8.8568 consis-

50.7330 699.937 15.6602 8.8568 tent
68.6786 699.937 17.9516 8.8568 with
88.9256 699.937 50.5462 8.8568 concomitant
141.757 699.937 16.7402 8.8568 PPA
160.783 699.937 29.1067 8.8568 (Figure
192.177 699.937 10.8692 8.8568 3).

65.6739 711.304 23.5277 8.8568 Given
93.3022 711.304 12.5648 8.8568 the
109.971 711.304 51.2396 8.8568 radiographic
165.327 711.304 32.3725 8.8568 ﬁndings
201.804 711.304 20.2819 8.8568 there
226.182 711.304 14.6271 8.8568 was
244.896 711.304 46.0252 8.8568 uncertainty

50.7340 722.672 32.5329 8.8568 whether
89.0063 722.672 12.5708 8.8568 the
107.328 722.672 33.3020 8.8568 patient’s
146.399 722.672 32.3157 8.8568 elevated
184.462 722.672 23.1810 8.8568 blood
213.398 722.672 33.1506 8.8568 pressure
252.300 722.672 14.6331 8.8568 was
272.675 722.672 18.2565 8.8568 con-

50.7340 734.039 35.7508 8.8568 tributing
90.5276 734.039 8.1295 8.8568 to
102.686 734.039 13.1427 8.8568 her
119.858 734.039 28.3386 8.8568 clinical
152.238 734.039 52.5188 8.8568 deterioration
208.804 734.039 8.7771 8.8568 or
221.611 734.039 32.5169 8.8568 whether
258.158 734.039 5.7245 8.8568 it
267.914 734.039 14.6351 8.8568 was
286.581 734.039 4.3437 8.8568 a

357.966 225.288 9.3760 7.0854 (a)

482.085 225.288 10.0057 7.0854 (b)

308.664 243.225 26.2007 7.9711 Figure
337.436 243.225 6.4522 7.9711 3:
346.461 243.225 13.8549 7.9711 Left
362.891 243.225 31.7312 7.9711 vertebral
397.196 243.225 21.3508 7.9711 artery
421.117 243.225 31.7303 7.9711 injection
455.431 243.225 48.3154 7.9711 demonstrates
506.323 243.225 17.2854 7.9711 poor
526.177 243.225 22.6195 7.9711 opaci-

308.664 253.693 27.1969 7.9711 ﬁcation
338.299 253.693 7.2529 7.9711 of
347.983 253.693 11.3093 7.9711 the
361.728 253.693 23.5117 7.9711 basilar
387.673 253.693 21.3472 7.9711 artery
411.456 253.693 13.5285 7.9711 and
427.415 253.693 32.6709 7.9711 posterior
462.519 253.693 28.4809 7.9711 cerebral
493.439 253.693 26.5145 7.9711 arteries
522.395 253.693 26.4195 7.9711 (PCAs)

308.664 264.151 25.2279 7.9711 despite
336.956 264.151 8.8014 7.9711 an
348.836 264.151 32.1912 7.9711 adequate
384.101 264.151 29.1794 7.9711 contrast
416.350 264.151 21.6512 7.9711 bolus.
441.078 264.151 20.9383 7.9711 There
465.082 264.151 5.5619 7.9711 is
473.715 264.151 27.3574 7.9711 marked
504.141 264.151 44.7334 7.9711 enlargement

308.664 274.610 7.2744 7.9711 of
319.106 274.610 11.3030 7.9711 the
333.581 274.610 19.2105 7.9711 distal
355.959 274.610 31.7635 7.9711 vertebral
390.898 274.610 21.3167 7.9711 artery
415.379 274.610 7.2744 7.9711 in
425.830 274.610 11.3030 7.9711 the
440.297 274.610 26.8840 7.9711 vicinity
470.354 274.610 7.2520 7.9711 of
480.774 274.610 11.3093 7.9711 the
495.255 274.610 53.4998 7.9711 vertebrobasilar

308.664 285.077 32.5875 7.9711 junction,
345.048 285.077 35.3491 7.9711 extending
384.202 285.077 14.5946 7.9711 into
402.585 285.077 11.3147 7.9711 the
417.693 285.077 23.5440 7.9711 basilar
445.038 285.077 21.3526 7.9711 artery
470.185 285.077 13.5339 7.9711 and
487.516 285.077 11.3120 7.9711 the
502.622 285.077 9.3080 7.9711 P1
515.717 285.077 33.1308 7.9711 segments

308.664 295.535 7.2816 7.9711 of
319.258 295.535 16.8057 7.9711 both
339.376 295.535 21.9489 7.9711 PCAs.
364.627 295.535 5.7833 7.9711 A
373.726 295.535 20.5106 7.9711 linear
397.552 295.535 20.7976 7.9711 ﬁlling
421.659 295.535 21.4252 7.9711 defect
446.406 295.535 5.5690 7.9711 is
455.290 295.535 20.7384 7.9711 noted
479.340 295.535 39.9059 7.9711 originating
522.555 295.535 9.4344 7.9711 in,
535.301 295.535 13.5411 7.9711 and

308.664 305.994 31.1878 7.9711 spiraling
342.009 305.994 26.1738 7.9711 around
370.334 305.994 11.3102 7.9711 the
383.800 305.994 23.5404 7.9711 basilar
409.504 305.994 21.3248 7.9711 artery
432.986 305.994 13.5339 7.9711 and
448.680 305.994 35.3438 7.9711 extending
486.190 305.994 14.5928 7.9711 into
502.942 305.994 11.3138 7.9711 the
516.412 305.994 32.4279 7.9711 proximal

308.664 316.452 29.1282 7.9711 bilateral
341.185 316.452 21.9453 7.9711 PCAs,
366.513 316.452 35.9651 7.9711 consistent
405.873 316.452 16.1539 7.9711 with
425.420 316.452 3.9094 7.9711 a
432.718 316.452 35.6773 7.9711 dissection
471.779 316.452 24.3707 7.9711 (arrow
499.538 316.452 10.7256 7.9711 B).
513.647 316.452 20.9303 7.9711 There
537.967 316.452 10.8574 7.9711 are

308.664 326.920 13.9903 7.9711 also
325.092 326.920 30.3557 7.9711 multiple
357.883 326.920 33.1443 7.9711 segments
393.469 326.920 7.2529 7.9711 of
403.161 326.920 29.2421 7.9711 vascular
434.855 326.920 34.6632 7.9711 dilatation
471.966 326.920 13.5366 7.9711 and
487.941 326.920 37.4580 7.9711 narrowing
527.836 326.920 7.2816 7.9711 in
537.557 326.920 11.3174 7.9711 the

308.664 337.378 29.1139 7.9711 bilateral
339.676 337.378 30.1872 7.9711 superior
371.757 337.378 34.4310 7.9711 cerebellar
408.099 337.378 26.5253 7.9711 arteries
436.526 337.378 13.5321 7.9711 and
451.957 337.378 19.2240 7.9711 distal
473.071 337.378 19.7897 7.9711 PCAs
494.753 337.378 35.9983 7.9711 consistent
532.642 337.378 16.1467 7.9711 with

308.664 347.836 42.4317 7.9711 postpartum
353.148 347.836 41.5637 7.9711 angiopathy.

308.664 388.702 56.6284 8.8568 compensatory
367.813 388.702 45.9385 8.8568 mechanism
416.289 388.702 8.1295 8.8568 to
426.953 388.702 33.2412 8.8568 improve
462.733 388.702 38.2564 8.8568 perfusion
503.515 388.702 8.0597 8.8568 of
514.108 388.702 34.7515 8.8568 ischemic

308.664 400.069 24.7600 8.8568 tissue.
336.856 400.069 10.0104 8.8568 To
350.301 400.069 23.2497 8.8568 better
376.978 400.069 22.9070 8.8568 direct
403.323 400.069 51.9340 8.8568 management
458.676 400.069 8.0597 8.8568 of
470.160 400.069 13.1457 8.8568 her
486.733 400.069 23.1830 8.8568 blood
513.359 400.069 35.5226 8.8568 pressure,

308.664 411.437 4.3437 8.8568 a
316.260 411.437 26.3072 8.8568 Xenon
345.831 411.437 38.1936 8.8568 enhanced
387.269 411.437 12.5997 8.8568 CT
403.129 411.437 34.0043 8.8568 (Xe-CT)
440.395 411.437 14.6361 8.8568 was
458.281 411.437 42.6140 8.8568 performed
504.131 411.437 8.1295 8.8568 to
515.516 411.437 33.3329 8.8568 quantify

308.664 422.804 31.6641 8.8568 cerebral
343.064 422.804 23.1949 8.8568 blood
369.018 422.804 17.2044 8.8568 ﬂow
388.972 422.804 24.8985 8.8568 (CBF)
416.619 422.804 7.4251 8.8568 at
426.789 422.804 34.0432 8.8568 diﬀerent
463.577 422.804 23.1989 8.8568 blood
489.535 422.804 39.0544 8.8568 pressures.
531.337 422.804 17.5192 8.8568 This

308.663 434.171 21.6358 8.8568 study
335.763 434.171 29.9944 8.8568 showed
371.216 434.171 19.9501 8.8568 areas
396.620 434.171 8.0906 8.8568 of
410.169 434.171 38.6519 8.8568 decreased
454.271 434.171 28.7820 8.8568 relative
488.516 434.171 31.6811 8.8568 cerebral
525.643 434.171 23.1870 8.8568 blood

308.663 445.538 29.7593 8.8568 volume
344.066 445.538 8.0856 8.8568 in
357.800 445.538 12.5648 8.8568 the
376.009 445.538 32.3575 8.8568 bilateral
414.001 445.538 36.3197 8.8568 posterior
455.980 445.538 34.0472 8.8568 cerebral,
495.664 445.538 19.4550 8.8568 right
520.770 445.538 28.0547 8.8568 middle

308.663 456.906 34.0472 8.8568 cerebral,
345.872 456.906 15.0425 8.8568 and
364.096 456.906 12.7003 8.8568 left
379.973 456.906 32.1324 8.8568 anterior
415.289 456.906 31.6601 8.8568 cerebral
450.118 456.906 32.4502 8.8568 vascular
485.734 456.906 39.5406 8.8568 territories
528.469 456.906 7.4182 8.8568 at
539.065 456.906 9.7793 8.8568 an

308.663 468.273 16.1354 8.8568 SBP
327.951 468.273 8.0597 8.8568 of
339.174 468.273 14.3422 8.8568 120
355.187 468.273 28.5966 8.8568 mmHg
386.945 468.273 24.1653 8.8568 which
414.260 468.273 38.5064 8.8568 improved
455.940 468.273 9.4754 8.8568 by
468.576 468.273 33.9605 8.8568 allowing
505.698 468.273 12.5688 8.8568 the
521.427 468.273 16.1354 8.8568 SBP
540.715 468.273 8.1295 8.8568 to

308.663 479.640 14.1310 8.8568 rise
325.089 479.640 23.0953 8.8568 above
350.480 479.640 14.3501 8.8568 130
366.500 479.640 28.6086 8.8568 mmHg
397.397 479.640 29.1197 8.8568 (Figure
428.804 479.640 10.8692 8.8568 4).

323.603 491.008 15.5297 8.8568 The
341.861 491.008 13.4435 8.8568 Mg
358.024 491.008 33.1784 8.8568 infusion
393.935 491.008 14.6380 8.8568 was
411.291 491.008 51.9480 8.8568 discontinued
465.980 491.008 7.4251 8.8568 at
476.123 491.008 15.8077 8.8568 that
494.657 491.008 20.5369 8.8568 time,
517.924 491.008 15.0415 8.8568 and
535.697 491.008 13.1496 8.8568 her

308.664 502.375 23.2069 8.8568 blood
334.539 502.375 33.1605 8.8568 pressure
370.356 502.375 22.8891 8.8568 target
395.900 502.375 14.6371 8.8568 was
413.192 502.375 33.1715 8.8568 changed
449.015 502.375 8.1295 8.8568 to
459.805 502.375 9.7843 8.8568 an
472.240 502.375 16.1414 8.8568 SBP
491.040 502.375 8.0597 8.8568 of
501.759 502.375 14.3481 8.8568 130
517.778 502.375 31.1162 8.8568 mmHg.

308.664 513.742 15.2577 8.8568 Her
326.034 513.742 49.5769 8.8568 neurological
377.735 513.742 50.0730 8.8568 examination
429.937 513.742 38.5074 8.8568 improved
470.574 513.742 24.7889 8.8568 slowly
497.471 513.742 17.2463 8.8568 over
516.839 513.742 12.5688 8.8568 the
531.524 513.742 17.2991 8.8568 next

308.664 525.110 26.9349 8.8568 several
338.425 525.110 25.8569 8.8568 weeks.
367.129 525.110 14.2356 8.8568 She
384.200 525.110 14.6311 8.8568 was
401.666 525.110 42.8163 8.8568 discharged
447.322 525.110 8.1295 8.8568 to
458.293 525.110 9.7863 8.8568 an
470.910 525.110 21.0669 8.8568 acute
494.813 525.110 54.0272 8.8568 rehabilitation

308.664 536.477 26.8871 8.8568 facility
338.217 536.477 10.5873 8.8568 on
351.473 536.477 31.8195 8.8568 hospital
385.966 536.477 13.8869 8.8568 day
402.528 536.477 11.9491 8.8568 30.
417.153 536.477 9.2881 8.8568 At
429.105 536.477 12.5668 8.8568 the
444.346 536.477 18.1130 8.8568 time
465.133 536.477 8.0866 8.8568 of
475.888 536.477 39.9401 8.8568 discharge,
518.495 536.477 13.0251 8.8568 she
534.194 536.477 14.6291 8.8568 was

308.664 547.844 26.5135 8.8568 awake,
339.240 547.844 20.3217 8.8568 alert,
363.624 547.844 15.0375 8.8568 and
382.735 547.844 33.6029 8.8568 oriented
420.421 547.844 8.1305 8.8568 to
432.627 547.844 29.6547 8.8568 person,
466.354 547.844 22.7287 8.8568 place,
493.154 547.844 15.0375 8.8568 and
512.256 547.844 18.3491 8.8568 year.
534.686 547.844 14.2306 8.8568 She

308.664 559.212 14.9021 8.8568 had
325.838 559.212 4.3437 8.8568 a
332.453 559.212 22.5812 8.8568 dense
357.312 559.212 19.4510 8.8568 right
379.048 559.212 55.8563 8.8568 homonymous
437.182 559.212 47.4369 8.8568 hemianopia
486.908 559.212 15.0316 8.8568 and
504.212 559.212 4.3437 8.8568 a
510.828 559.212 38.0342 8.8568 moderate

308.664 570.579 19.4590 8.8568 right
331.092 570.579 49.7542 8.8568 hemiparesis.
383.828 570.579 14.2266 8.8568 She
401.017 570.579 33.8320 8.8568 required
437.815 570.579 48.5756 8.8568 intermittent
489.369 570.579 27.3443 8.8568 enteral
519.675 570.579 29.1705 8.8568 feeding

308.664 581.946 32.4024 8.8568 through
343.352 581.946 4.3437 8.8568 a
349.994 581.946 53.6606 8.8568 percutaneous
405.932 581.946 48.3903 8.8568 gastrostomy
456.601 581.946 20.1563 8.8568 tube.

323.603 593.314 23.2696 8.8568 Three
350.087 593.314 30.7197 8.8568 months
384.029 593.314 18.0831 8.8568 after
405.314 593.314 31.8345 8.8568 hospital
440.362 593.314 39.9540 8.8568 discharge,
483.532 593.314 13.0291 8.8568 she
499.775 593.314 37.7772 8.8568 remained
540.770 593.314 8.0856 8.8568 in

308.664 604.681 9.7803 8.8568 an
322.491 604.681 21.0410 8.8568 acute
347.582 604.681 54.0212 8.8568 rehabilitation
405.659 604.681 28.6654 8.8568 facility.
438.387 604.681 14.2306 8.8568 She
456.677 604.681 40.5259 8.8568 continued
501.267 604.681 8.1295 8.8568 to
513.444 604.681 35.4081 8.8568 clinically

308.664 616.048 35.6462 8.8568 improve.
347.283 616.048 15.5317 8.8568 The
365.776 616.048 48.3983 8.8568 gastrostomy
417.119 616.048 17.7733 8.8568 tube
437.855 616.048 14.9140 8.8568 had
455.725 616.048 18.9648 8.8568 been
477.657 616.048 37.1984 8.8568 removed,
517.819 616.048 15.0465 8.8568 and
535.832 616.048 13.0311 8.8568 she

308.664 627.416 22.3302 8.8568 could
333.230 627.416 18.4946 8.8568 walk
353.962 627.416 17.9596 8.8568 with
374.163 627.416 41.0937 8.8568 assistance.
417.500 627.416 14.2366 8.8568 She
433.978 627.416 40.5408 8.8568 continued
476.773 627.416 8.1295 8.8568 to
487.151 627.416 18.0632 8.8568 have
507.455 627.416 41.3956 8.8568 signiﬁcant

308.664 638.783 34.0870 8.8568 memory
345.038 638.783 41.5819 8.8568 diﬃculties
388.924 638.783 15.0435 8.8568 and
406.258 638.783 24.1214 8.8568 vision
432.671 638.783 17.1138 8.8568 loss.

308.664 667.379 8.9006 10.6281 2.
319.954 667.379 55.1788 10.6281 Discussion

308.664 688.564 63.5126 8.8568 Cervicocephalic
374.196 688.564 28.6036 8.8568 arterial
404.816 688.564 39.7119 8.8568 dissection
446.558 688.564 34.1877 8.8568 (CCAD)
482.765 688.564 6.1848 8.8568 is
490.975 688.564 4.3437 8.8568 a
497.329 688.564 15.7977 8.8568 rare
515.143 688.564 33.6905 8.8568 postpar-

308.664 699.931 16.6654 8.8568 tum
328.334 699.931 52.6195 8.8568 complication
383.965 699.931 17.5222 8.8568 only
404.495 699.931 41.4036 8.8568 previously
448.906 699.931 38.0860 8.8568 described
490.003 699.931 8.0886 8.8568 in
501.112 699.931 16.2161 8.8568 case
520.326 699.931 28.5618 8.8568 reports

308.664 711.298 15.0336 8.8568 and
328.895 711.298 14.7397 8.8568 one
348.837 711.298 24.4612 8.8568 recent
378.490 711.298 21.1506 8.8568 small
404.835 711.298 16.2131 8.8568 case
426.232 711.298 24.2251 8.8568 series,
455.662 711.298 37.1007 8.8568 involving
497.976 711.298 4.3437 8.8568 a
507.525 711.298 18.0472 8.8568 total
530.766 711.298 8.0846 8.8568 of
544.047 711.298 4.7820 8.8568 6

308.664 722.666 31.5645 8.8568 patients
342.280 722.666 24.3058 8.8568 [3–7].
368.632 722.666 15.5237 8.8568 The
386.199 722.666 28.9085 8.8568 general
417.142 722.666 27.3712 8.8568 annual
446.566 722.666 37.9844 8.8568 incidence
486.594 722.666 8.0856 8.8568 of
496.727 722.666 52.1034 8.8568 symptomatic

308.665 734.033 50.4606 8.8568 spontaneous
363.238 734.033 26.8074 8.8568 CCAD
394.149 734.033 6.1818 8.8568 is
404.425 734.033 34.3919 8.8568 reported
442.925 734.033 8.1285 8.8568 to
455.154 734.033 9.3399 8.8568 be
468.588 734.033 23.0734 8.8568 about
495.764 734.033 11.9471 8.8568 2.6
511.802 734.033 19.7469 8.8568 cases
535.643 734.033 13.1227 8.8568 per

50.7330 45.1903 25.4305 8.8568 Stroke
78.4499 45.1903 35.1520 8.8568 Research
115.879 45.1903 15.0395 8.8568 and
133.209 45.1903 41.1326 8.8568 Treatment

544.077 45.1903 4.7820 8.8568 3

106.434 76.8460 14.8640 7.1120 Img.
122.898 76.8460 29.8456 7.1120 included:
154.504 76.8460 3.8400 7.1120 1
163.862 76.8460 3.8400 7.1120 2
173.221 76.8460 3.8400 7.1120 3
182.579 76.8460 3.8400 7.1120 4
191.937 76.8460 3.8400 7.1120 5
201.296 76.8460 3.8400 7.1120 6

115.281 152.971 26.2816 7.1120 Baseline

175.546 222.775 14.0800 7.1120 CBF

165.098 232.375 34.7120 7.1120 confidence

172.618 241.975 19.0960 7.1120 Worst

264.407 222.775 14.0800 7.1120 CBF

253.960 232.375 34.7120 7.1120 confidence

261.480 241.975 19.0960 7.1120 Worst

354.547 222.776 14.0800 7.1120 CBF

344.099 232.376 34.7120 7.1120 confidence

351.619 241.976 19.0960 7.1120 Worst

444.130 222.775 14.0784 7.1120 CBF

433.682 232.375 34.7120 7.1120 confidence

441.202 241.975 19.0960 7.1120 Worst

202.975 152.971 26.2760 7.1120 Baseline

293.964 152.971 26.2960 7.1120 Baseline

381.473 152.971 26.2760 7.1120 Baseline

175.974 303.646 13.3792 7.1120 Best

148.502 307.944 16.5280 7.1120 Level
166.870 307.944 3.8400 7.1120 1

265.224 303.646 13.3792 7.1120 Best

355.637 303.646 13.3792 7.1120 Best

442.937 303.646 13.3792 7.1120 Best

236.557 307.944 16.5280 7.1120 Level
254.925 307.944 3.8400 7.1120 2

325.961 307.944 16.5272 7.1120 Level
344.329 307.944 3.8400 7.1120 3

414.461 307.944 16.5280 7.1120 Level
432.829 307.944 3.8400 7.1120 4

188.204 255.590 10.5920 7.1120 1%

188.204 264.741 10.5920 7.1120 2%

188.204 273.890 10.5920 7.1120 5%

188.204 283.042 14.4320 7.1120 35%

188.204 292.194 14.4320 7.1120 57%

277.704 254.922 10.5920 7.1120 1%

277.704 264.074 10.5920 7.1120 2%

277.704 273.224 10.5920 7.1120 5%

277.704 282.376 14.4320 7.1120 36%

277.704 291.527 14.4320 7.1120 56%

367.204 255.256 10.5920 7.1120 1%

367.204 264.407 10.5920 7.1120 3%

367.204 273.558 10.5920 7.1120 4%

367.204 282.710 14.4320 7.1120 33%

367.204 291.861 14.4320 7.1120 58%

456.705 254.757 10.5920 7.1120 2%

456.705 263.908 10.5920 7.1120 2%

456.705 273.058 10.5920 7.1120 4%

456.705 282.210 14.4320 7.1120 33%

456.705 291.362 14.4320 7.1120 58%

470.205 76.9572 11.5200 7.1120 160

470.205 90.0244 11.5200 7.1120 150

470.205 104.058 11.5200 7.1120 140

477.885 293.224 3.8400 7.1120 0

474.045 278.957 7.6800 7.1120 10

474.045 265.390 7.6800 7.1120 20

474.045 251.823 7.6800 7.1120 30

474.045 237.723 7.6800 7.1120 40

474.045 224.390 7.6800 7.1120 50

474.045 210.958 7.6800 7.1120 60

474.045 197.625 7.6800 7.1120 70

474.045 184.058 7.6800 7.1120 80

474.045 171.024 7.6800 7.1120 90

470.205 144.158 11.5200 7.1120 110

470.205 130.858 11.5200 7.1120 120

470.205 117.092 11.5200 7.1120 130

470.205 157.392 11.5200 7.1120 100

293.463 323.280 9.3760 7.0854 (a)

105.253 342.985 14.8640 7.1120 Img.
121.717 342.985 29.8456 7.1120 included:
153.322 342.985 3.8400 7.1120 1
162.681 342.985 3.8400 7.1120 2
172.039 342.985 3.8400 7.1120 3
181.397 342.985 3.8400 7.1120 4
190.756 342.985 3.8400 7.1120 5
200.114 342.985 3.8400 7.1120 6

116.433 418.610 26.2816 7.1120 Baseline

176.532 490.415 14.0800 7.1120 CBF

166.084 500.015 34.7120 7.1120 confidence

173.604 509.615 19.0960 7.1120 Worst

265.227 490.415 14.0800 7.1120 CBF

254.779 500.015 34.7120 7.1120 confidence

262.299 509.615 19.0960 7.1120 Worst

355.366 490.416 14.0800 7.1120 CBF

344.919 500.016 34.7120 7.1120 confidence

352.439 509.616 19.0960 7.1120 Worst

444.949 490.415 14.0800 7.1120 CBF

434.501 500.015 34.7120 7.1120 confidence

442.022 509.615 19.0960 7.1120 Worst

203.794 418.610 26.2816 7.1120 Baseline

294.788 418.610 26.2816 7.1120 Baseline

382.282 418.610 26.2816 7.1120 Baseline

174.794 569.285 13.3792 7.1120 Best

147.322 576.233 16.5280 7.1120 Level
165.690 576.233 3.8400 7.1120 1

265.045 569.285 13.3768 7.1120 Best

354.455 569.285 13.3768 7.1120 Best

442.754 569.285 13.3768 7.1120 Best

235.377 576.233 16.5280 7.1120 Level
253.745 576.233 3.8400 7.1120 2

324.781 576.233 16.5280 7.1120 Level
343.149 576.233 3.8400 7.1120 3

413.280 576.233 16.5280 7.1120 Level
431.649 576.233 3.8400 7.1120 4

187.024 521.060 10.5920 7.1120 0%

187.024 530.211 10.5920 7.1120 2%

187.024 539.362 10.5920 7.1120 4%

187.024 548.514 14.4320 7.1120 35%

187.024 557.666 14.4320 7.1120 59%

276.523 521.061 10.5920 7.1120 0%

276.523 530.212 10.5920 7.1120 1%

276.523 539.363 10.5920 7.1120 3%

276.523 548.514 14.4320 7.1120 31%

276.523 557.667 14.4320 7.1120 65%

366.023 521.062 10.5920 7.1120 0%

366.023 530.213 10.5920 7.1120 1%

366.023 539.364 10.5920 7.1120 2%

366.023 548.515 14.4320 7.1120 30%

366.023 557.668 14.4320 7.1120 67%

454.684 521.062 10.5920 7.1120 0%

454.684 530.214 10.5920 7.1120 1%

454.684 539.365 10.5920 7.1120 2%

454.684 548.516 14.4320 7.1120 29%

454.684 557.668 14.4320 7.1120 69%

468.425 343.697 11.5200 7.1120 160

468.425 356.763 11.5200 7.1120 150

468.425 370.497 11.5200 7.1120 140

476.105 557.764 3.8400 7.1120 0

472.265 544.397 7.6800 7.1120 10

472.265 530.930 7.6800 7.1120 20

472.265 517.264 7.6800 7.1120 30

472.265 504.263 7.6800 7.1120 40

472.265 490.531 7.6800 7.1120 50

472.265 477.498 7.6800 7.1120 60

472.265 463.864 7.6800 7.1120 70

472.265 450.497 7.6800 7.1120 80

472.265 437.464 7.6800 7.1120 90

468.425 410.598 11.5200 7.1120 110

468.425 397.298 11.5200 7.1120 120

468.425 383.531 11.5200 7.1120 130

468.425 423.831 11.5200 7.1120 100

293.148 591.039 10.0057 7.0854 (b)

50.7330 608.976 26.2007 7.9711 Figure
78.5602 608.976 6.4522 7.9711 4:
86.6497 608.976 10.5373 7.9711 (a)
98.8288 608.976 29.4259 7.9711 Baseline
129.888 608.976 23.6534 7.9711 Xenon
155.179 608.976 34.4489 7.9711 perfusion
191.258 608.976 19.4634 7.9711 study
212.347 608.976 17.8395 7.9711 (SBP
231.816 608.976 12.9044 7.9711 120
246.222 608.976 14.7730 7.9711 mm
262.624 608.976 14.2763 7.9711 Hg)
278.542 608.976 48.2921 7.9711 demonstrates
328.475 608.976 34.7349 7.9711 decreased
364.856 608.976 28.4818 7.9711 cerebral
394.975 608.976 20.8684 7.9711 blood
417.481 608.976 15.4805 7.9711 ﬂow
434.595 608.976 22.4088 7.9711 (CBF)
458.628 608.976 7.2771 7.9711 in
467.543 608.976 16.7923 7.9711 both
485.973 608.976 32.6924 7.9711 posterior
520.298 608.976 28.4916 7.9711 cerebral

50.7330 619.444 21.3221 7.9711 artery
74.9145 619.444 23.3126 7.9711 (PCA)
101.065 619.444 35.6352 7.9711 territories
139.556 619.444 7.0879 7.9711 as
149.509 619.444 14.3561 7.9711 well
166.735 619.444 7.0879 7.9711 as
176.688 619.444 7.2762 7.9711 in
186.826 619.444 11.3066 7.9711 the
200.991 619.444 17.5123 7.9711 right
221.358 619.444 25.2942 7.9711 middle
249.510 619.444 28.4800 7.9711 cerebral
280.861 619.444 21.3230 7.9711 artery
305.043 619.444 26.3164 7.9711 (MCA)
334.207 619.444 13.5312 7.9711 and
350.600 619.444 11.4277 7.9711 left
364.891 619.444 28.9220 7.9711 anterior
396.679 619.444 28.4809 7.9711 cerebral
428.030 619.444 45.1243 7.9711 artery(ACA)
476.002 619.444 37.7826 7.9711 territories.
516.637 619.444 11.2519 7.9711 (b)
530.745 619.444 18.0754 7.9711 With

50.7330 629.902 32.5346 7.9711 elevation
85.8418 629.902 7.2529 7.9711 of
95.6699 629.902 14.5211 7.9711 SBP
112.756 629.902 16.2211 7.9711 (130
130.469 629.902 14.7739 7.9711 mm
147.808 629.902 16.4273 7.9711 Hg),
166.809 629.902 18.2592 7.9711 there
187.629 629.902 5.5681 7.9711 is
195.765 629.902 48.7037 7.9711 improvement
247.044 629.902 7.2780 7.9711 in
256.887 629.902 15.7755 7.9711 CBF
275.227 629.902 7.2807 7.9711 in
285.073 629.902 11.3138 7.9711 the
298.957 629.902 17.5230 7.9711 right
319.046 629.902 27.1180 7.9711 parietal
348.728 629.902 25.1974 7.9711 region,
376.499 629.902 12.2266 7.9711 but
391.292 629.902 9.5313 7.9711 no
403.396 629.902 37.2428 7.9711 signiﬁcant
443.205 629.902 48.7082 7.9711 improvement
494.489 629.902 7.2789 7.9711 in
504.342 629.902 11.3120 7.9711 the
518.215 629.902 11.4366 7.9711 left
532.226 629.902 16.6945 7.9711 PCA

50.7330 640.360 32.0217 7.9711 territory.
84.6260 640.360 20.9491 7.9711 There
107.442 640.360 5.5672 7.9711 is
114.884 640.360 33.5576 7.9711 increased
150.322 640.360 34.4211 7.9711 perfusion
186.616 640.360 7.2807 7.9711 in
195.769 640.360 11.3156 7.9711 the
208.961 640.360 17.5212 7.9711 right
228.355 640.360 19.7010 7.9711 MCA
249.914 640.360 13.5375 7.9711 and
265.332 640.360 11.4384 7.9711 left
278.643 640.360 17.1814 7.9711 ACA
297.691 640.360 48.3612 7.9711 distributions.
347.924 640.360 34.1037 7.9711 Increased
383.909 640.360 34.4265 7.9711 perfusion
420.198 640.360 5.5681 7.9711 is
427.641 640.360 15.6132 7.9711 seen
445.136 640.360 23.4346 7.9711 within
470.443 640.360 11.3156 7.9711 the
483.635 640.360 17.5212 7.9711 right
503.029 640.360 30.4544 7.9711 occipital
535.364 640.360 13.5393 7.9711 and

50.7330 650.828 11.4492 7.9711 left
64.2445 650.828 27.1404 7.9711 parietal
93.4543 650.828 15.2868 7.9711 lobe
110.807 650.828 40.8088 7.9711 infarctions.

50.7330 687.115 28.6773 8.8568 100000
83.8178 687.115 14.5464 8.8568 [8].
102.768 687.115 6.4259 8.8568 A
113.587 687.115 24.4761 8.8568 recent
142.454 687.115 30.0831 8.8568 registry
176.931 687.115 34.2235 8.8568 database
215.547 687.115 38.1597 8.8568 identiﬁed
258.112 687.115 20.3665 8.8568 2.4%
282.877 687.115 8.0906 8.8568 of

50.7330 698.482 19.7638 8.8568 cases
75.0148 698.482 8.0597 8.8568 of
87.5966 698.482 50.5184 8.8568 spontaneous
142.650 698.482 26.8253 8.8568 CCAD
174.012 698.482 35.5266 8.8568 occurred
214.061 698.482 8.0856 8.8568 in
226.679 698.482 12.5768 8.8568 the
243.784 698.482 47.1271 8.8568 postpartum

50.7330 709.850 26.3112 8.8568 period
82.8903 709.850 14.5464 8.8568 [7].
103.298 709.850 54.3390 8.8568 Extrapolating
163.498 709.850 14.5783 8.8568 this
183.918 709.850 17.0241 8.8568 data
206.786 709.850 24.9553 8.8568 would
237.578 709.850 31.6761 8.8568 indicate
275.105 709.850 15.8136 8.8568 that

50.7330 721.217 47.1131 8.8568 postpartum
102.894 721.217 26.8193 8.8568 CCAD
134.762 721.217 6.1828 8.8568 is
145.994 721.217 7.8834 8.8568 as
158.908 721.217 15.7997 8.8568 rare
179.749 721.217 7.8834 8.8568 as
192.673 721.217 11.9521 8.8568 6.2
209.662 721.217 19.7558 8.8568 cases
234.458 721.217 13.1506 8.8568 per
252.647 721.217 38.2564 8.8568 10000000

50.7330 732.584 36.1573 8.8568 annually.
88.8280 732.584 8.6884 8.8568 In
99.4481 732.584 31.2955 8.8568 general,
132.681 732.584 34.7565 8.8568 ischemic
169.376 732.584 24.2261 8.8568 stroke
195.547 732.584 51.9819 8.8568 complicating
249.474 732.584 41.4404 8.8568 pregnancy

308.662 687.117 15.0435 8.8568 and
326.429 687.117 12.5728 8.8568 the
341.729 687.117 47.1131 8.8568 postpartum
391.586 687.117 26.2873 8.8568 period
420.605 687.117 6.1868 8.8568 is
429.529 687.117 15.5417 8.8568 also
447.795 687.117 9.7833 8.8568 an
460.302 687.117 46.9806 8.8568 uncommon
510.006 687.117 38.8512 8.8568 condition

308.662 698.484 17.9496 8.8568 with
329.582 698.484 4.3437 8.8568 a
336.908 698.484 34.3899 8.8568 reported
374.282 698.484 37.9705 8.8568 incidence
415.232 698.484 8.0837 8.8568 of
426.290 698.484 11.9432 8.8568 4.3
441.209 698.484 19.7419 8.8568 cases
463.920 698.484 13.1247 8.8568 per
480.022 698.484 28.6624 8.8568 100000
511.669 698.484 37.1585 8.8568 deliveries

308.662 709.852 14.5434 8.8568 [9].
327.196 709.852 8.6884 8.8568 In
339.858 709.852 4.3437 8.8568 a
348.192 709.852 21.8450 8.8568 series
374.015 709.852 8.0597 8.8568 of
386.057 709.852 28.6773 8.8568 348295
418.736 709.852 46.0322 8.8568 consecutive
468.747 709.852 39.5535 8.8568 deliveries,
512.300 709.852 12.5668 8.8568 the
528.846 709.852 19.9660 8.8568 most

308.662 721.219 36.1553 8.8568 common
346.758 721.219 21.5969 8.8568 cause
370.300 721.219 8.0876 8.8568 of
380.344 721.219 34.7705 8.8568 ischemic
417.062 721.219 24.2251 8.8568 stroke
443.241 721.219 14.6311 8.8568 was
459.817 721.219 38.1388 8.8568 identiﬁed
499.922 721.219 7.8784 8.8568 as
509.745 721.219 39.1281 8.8568 eclampsia

308.662 732.586 8.0916 8.8568 in
319.469 732.586 4.7820 8.8568 7
326.957 732.586 25.3548 8.8568 (47%)
355.033 732.586 22.1588 8.8568 cases.
379.895 732.586 15.5536 8.8568 The
398.158 732.586 40.9822 8.8568 remaining
441.860 732.586 37.7593 8.8568 etiologies
482.347 732.586 18.5663 8.8568 were
503.623 732.586 34.3869 8.8568 reported
540.724 732.586 8.1295 8.8568 to

50.7330 45.1903 4.7820 8.8568 4

425.258 45.1903 25.4305 8.8568 Stroke
452.975 45.1903 35.1520 8.8568 Research
490.404 45.1903 15.0395 8.8568 and
507.734 45.1903 41.1326 8.8568 Treatment

50.7330 74.5033 9.3110 8.8568 be
62.9521 74.5033 14.7666 8.8568 one
80.6268 74.5033 18.6022 8.8568 case,
102.130 74.5033 17.9157 8.8568 each
122.943 74.5033 8.0856 8.8568 of
133.931 74.5033 47.1639 8.8568 extracranial
184.002 74.5033 35.3005 8.8568 vertebral
222.201 74.5033 23.6881 8.8568 artery
248.789 74.5033 42.0850 8.8568 dissection,

50.7330 85.8706 19.1282 8.8568 PPA,
73.4736 85.8706 35.6761 8.8568 amniotic
112.780 85.8706 18.6898 8.8568 ﬂuid
135.083 85.8706 39.5555 8.8568 embolism
178.264 85.8706 17.9596 8.8568 with
199.833 85.8706 52.2618 8.8568 disseminated
255.717 85.8706 35.2118 8.8568 intravas-

50.7330 97.2379 20.0448 8.8568 cular
73.4756 97.2379 49.0678 8.8568 coagulation,
125.237 97.2379 15.0435 8.8568 and
142.985 97.2379 29.1496 8.8568 protein
174.850 97.2379 4.7422 8.8568 S
182.302 97.2379 41.6706 8.8568 deﬁciency.
226.675 97.2379 12.2520 8.8568 No
241.634 97.2379 31.9401 8.8568 etiology
276.294 97.2379 14.6390 8.8568 was

50.7330 108.605 46.0641 8.8568 determined
99.0964 108.605 8.0856 8.8568 in
109.473 108.605 17.1048 8.8568 four
128.870 108.605 22.1548 8.8568 cases.

65.6729 119.972 15.5337 8.8568 The
85.7884 119.972 47.6611 8.8568 relationship
138.044 119.972 32.9364 8.8568 between
175.567 119.972 26.8223 8.8568 CCAD
206.971 119.972 15.0475 8.8568 and
226.604 119.972 12.5748 8.8568 the
243.761 119.972 47.1201 8.8568 postpartum

50.7330 131.339 26.2883 8.8568 period
83.5687 131.339 31.8783 8.8568 remains
121.999 131.339 31.5057 8.8568 unclear.
160.078 131.339 6.4259 8.8568 A
173.038 131.339 39.0434 8.8568 traumatic
218.628 131.339 45.9744 8.8568 mechanism
271.153 131.339 19.7917 8.8568 from

50.7330 142.716 39.1829 8.8568 strenuous
94.1460 142.716 20.7890 8.8568 labor
119.172 142.716 6.1858 8.8568 is
129.596 142.716 31.8405 8.8568 unlikely
165.678 142.716 8.1295 8.8568 to
178.044 142.716 9.3140 8.8568 be
191.598 142.716 12.5708 8.8568 the
208.400 142.716 45.9625 8.8568 mechanism
258.609 142.716 8.0856 8.8568 in
270.930 142.716 19.9720 8.8568 most

50.7330 154.083 22.1469 8.8568 cases.
77.0412 154.083 11.5018 8.8568 All
92.7014 154.083 4.7820 8.8568 6
101.647 154.083 8.0896 8.8568 of
113.899 154.083 12.5728 8.8568 the
130.631 154.083 31.5715 8.8568 patients
166.369 154.083 34.3809 8.8568 reported
204.922 154.083 9.4754 8.8568 by
218.557 154.083 28.4412 8.8568 Arnold
251.169 154.083 7.2627 8.8568 et
262.598 154.083 9.2453 8.8568 al.
276.014 154.083 14.9140 8.8568 had

50.7330 165.450 43.0006 8.8568 uneventful
95.9752 165.450 37.1824 8.8568 deliveries
135.426 165.450 17.9556 8.8568 with
155.631 165.450 52.1313 8.8568 symptomatic
210.025 165.450 39.7259 8.8568 dissection
252.015 165.450 38.9189 8.8568 occurring

50.7330 176.818 7.4221 8.8568 at
60.8281 176.818 17.6537 8.8568 least
81.1548 176.818 4.7820 8.8568 5
88.6248 176.818 17.4266 8.8568 days
108.724 176.818 49.5042 8.8568 postpartum,
160.922 176.818 7.8834 8.8568 as
171.478 176.818 13.1706 8.8568 did
187.345 176.818 14.1867 8.8568 our
204.211 176.818 28.0308 8.8568 patient
234.924 176.818 17.2742 8.8568 who
254.868 176.818 36.0297 8.8568 delivered

50.7330 188.185 11.6971 8.8568 via
66.4380 188.185 38.4766 8.8568 C-section
108.934 188.185 15.0465 8.8568 and
127.991 188.185 13.1706 8.8568 did
145.180 188.185 13.6687 8.8568 not
162.863 188.185 30.9169 8.8568 become
197.794 188.185 52.1602 8.8568 symptomatic
253.982 188.185 19.0585 8.8568 until
277.054 188.185 13.8859 8.8568 day

50.7330 199.552 7.1721 8.8568 6.
61.7237 199.552 6.4259 8.8568 A
71.9653 199.552 21.0789 8.8568 more
96.8519 199.552 21.0041 8.8568 likely
121.673 199.552 44.0287 8.8568 association
169.524 199.552 21.5830 8.8568 exists
194.923 199.552 32.8836 8.8568 between
231.619 199.552 26.8163 8.8568 CCAD
262.252 199.552 15.0455 8.8568 and
281.110 199.552 9.7823 8.8568 an

50.7330 210.920 34.4955 8.8568 acquired
89.4995 210.920 53.5440 8.8568 vasculopathy.
147.339 210.920 8.6884 8.8568 In
160.317 210.920 12.5688 8.8568 the
177.180 210.920 20.4731 8.8568 prior
201.944 210.920 21.8480 8.8568 series
228.085 210.920 8.0597 8.8568 of
240.432 210.920 50.4825 8.8568 spontaneous

50.7330 222.287 28.7212 8.8568 CCAD,
83.9304 222.287 12.7561 8.8568 4/6
101.174 222.287 25.3548 8.8568 (67%)
131.015 222.287 8.0597 8.8568 of
143.552 222.287 31.5794 8.8568 patients
179.614 222.287 17.2761 8.8568 who
201.360 222.287 18.5663 8.8568 were
224.401 222.287 47.1271 8.8568 postpartum
276.018 222.287 14.9180 8.8568 had

50.7330 233.654 56.1173 8.8568 neuroimaging
109.273 233.654 56.5109 8.8568 characteristics
168.196 233.654 40.0008 8.8568 consistent
210.617 233.654 17.9496 8.8568 with
230.979 233.654 38.0093 8.8568 reversible
271.401 233.654 19.5815 8.8568 cere-

50.7330 245.022 15.7100 8.8568 bral
68.6577 245.022 65.7472 8.8568 vasoconstriction
136.633 245.022 39.7229 8.8568 syndrome
178.580 245.022 33.5590 8.8568 (RCVS),
214.364 245.022 37.9884 8.8568 reversible
254.576 245.022 36.3087 8.8568 posterior

50.7330 256.389 84.4330 8.8568 leukoencephalopathy
137.183 256.389 31.5217 8.8568 (RPLS),
170.706 256.389 8.8020 8.8568 or
181.522 256.389 29.7264 8.8568 cortical
213.255 256.389 54.3520 8.8568 subarachnoid
269.628 256.389 21.3249 8.8568 hem-

50.7330 267.756 31.0016 8.8568 orrhage
86.6312 267.756 30.3212 8.8568 (cSAH)
121.852 267.756 31.5526 8.8568 without
158.309 267.756 40.1244 8.8568 associated
203.343 267.756 40.5508 8.8568 intradural
248.799 267.756 42.0930 8.8568 dissection,

50.7330 279.124 21.4664 8.8568 while
75.7999 279.124 17.5222 8.8568 only
96.9326 279.124 17.5292 8.8568 3/96
118.086 279.124 20.5648 8.8568 (3%)
142.263 279.124 31.5615 8.8568 patients
177.443 279.124 8.0856 8.8568 in
189.143 279.124 12.5708 8.8568 the
205.323 279.124 13.0689 8.8568 age
221.993 279.124 15.0455 8.8568 and
240.652 279.124 12.3207 8.8568 sex
256.580 279.124 34.3690 8.8568 matched

50.7330 290.491 32.4472 8.8568 controls
87.5817 290.491 14.9140 8.8568 had
106.910 290.491 27.5566 8.8568 similar
138.883 290.491 32.3834 8.8568 ﬁndings
175.677 290.491 14.5474 8.8568 [7].
194.646 290.491 39.3433 8.8568 Literature
238.400 290.491 32.3316 8.8568 suggests
275.133 290.491 15.8077 8.8568 that

50.7330 301.858 42.3231 8.8568 conditions
94.8743 301.858 18.3023 8.8568 such
114.976 301.858 7.8754 8.8568 as
124.652 301.858 100.472 8.8568 pre-eclampsia/eclampsia,
226.937 301.858 26.1877 8.8568 RCVS,
254.937 301.858 19.1312 8.8568 PPA,
275.871 301.858 15.0415 8.8568 and

50.7330 313.226 21.7733 8.8568 RPLS
74.7478 313.226 12.0597 8.8568 are
89.0581 313.226 9.4226 8.8568 all
100.722 313.226 21.0111 8.8568 likely
123.994 313.226 31.4489 8.8568 variable
157.702 313.226 45.5809 8.8568 expressions
205.542 313.226 8.0597 8.8568 of
215.857 313.226 4.3437 8.8568 a
222.454 313.226 36.1463 8.8568 common
260.847 313.226 30.0522 8.8568 disease,

50.7330 324.593 13.5790 8.8568 but
68.6497 324.593 12.5628 8.8568 the
85.5603 324.593 43.6133 8.8568 underlying
133.531 324.593 66.0162 8.8568 pathophysiology
203.896 324.593 6.1818 8.8568 is
214.425 324.593 26.1568 8.8568 poorly
244.948 324.593 45.9575 8.8568 understood

50.7330 335.960 19.3235 8.8568 [10].
74.6940 335.960 6.4259 8.8568 A
85.7366 335.960 36.1832 8.8568 common
126.542 335.960 33.6228 8.8568 unifying
164.801 335.960 24.9583 8.8568 theme
194.377 335.960 6.1848 8.8568 is
205.198 335.960 15.8047 8.8568 that
225.619 335.960 24.8019 8.8568 surges
255.039 335.960 8.0856 8.8568 in
267.756 335.960 23.1780 8.8568 blood

50.7330 347.328 33.1256 8.8568 pressure
88.2870 347.328 15.0316 8.8568 and
107.751 347.328 40.4402 8.8568 vasoactive
152.619 347.328 8.7771 8.8568 or
165.830 347.328 43.1699 8.8568 angiogenic
213.441 347.328 42.1687 8.8568 substances
260.038 347.328 30.8542 8.8568 damage

50.7330 358.695 12.5668 8.8568 the
66.0545 358.695 44.5378 8.8568 endothelial
113.373 358.695 23.2178 8.8568 lining
139.365 358.695 8.0866 8.8568 of
150.209 358.695 25.8709 8.8568 vessels
178.844 358.695 30.0293 8.8568 causing
211.638 358.695 79.2236 8.8568 blood-brain-barrier

50.7330 370.062 47.4479 8.8568 dysfunction
103.631 370.062 15.0435 8.8568 and
124.142 370.062 54.6040 8.8568 accumulation
184.197 370.062 8.0866 8.8568 of
197.742 370.062 49.1864 8.8568 extracellular
252.380 370.062 38.5443 8.8568 vasogenic

50.7330 381.430 28.5678 8.8568 edema.
81.0681 381.430 36.0128 8.8568 Placental
118.845 381.430 28.5130 8.8568 growth
149.131 381.430 23.2537 8.8568 factor
174.137 381.430 29.9565 8.8568 (PlGF),
205.861 381.430 28.3456 8.8568 soluble
235.980 381.430 20.1912 8.8568 PlGF
257.935 381.430 33.0101 8.8568 receptor

50.7330 392.797 32.4223 8.8568 (sFlt-1),
85.5613 392.797 15.0395 8.8568 and
103.026 392.797 28.3416 8.8568 soluble
133.781 392.797 35.2666 8.8568 endoglin
171.483 392.797 12.0627 8.8568 are
185.968 392.797 26.7874 8.8568 factors
215.158 392.797 8.0876 8.8568 in
225.664 392.797 12.5688 8.8568 the
240.655 392.797 50.2902 8.8568 angiogenesis

50.7330 404.164 33.0858 8.8568 pathway
88.2751 404.164 24.1633 8.8568 which
116.893 404.164 18.0602 8.8568 have
139.409 404.164 18.9299 8.8568 been
162.799 404.164 42.1866 8.8568 implicated
209.455 404.164 8.0866 8.8568 in
222.011 404.164 12.5668 8.8568 the
239.033 404.164 51.8713 8.8568 development

50.7330 415.541 8.0876 8.8568 of
62.5865 415.541 16.7352 8.8568 PPA
83.0925 415.541 15.0445 8.8568 and
101.912 415.541 39.1281 8.8568 eclampsia
144.824 415.541 33.8728 8.8568 [11–13].
182.480 415.541 15.5317 8.8568 The
201.783 415.541 34.8591 8.8568 resulting
240.424 415.541 22.3461 8.8568 vessel
266.542 415.541 24.3874 8.8568 injury

50.7340 426.908 25.1207 8.8568 causes
80.2382 426.908 31.6621 8.8568 cerebral
116.292 426.908 58.8441 8.8568 autoregulatory
179.521 426.908 47.4399 8.8568 dysfunction
231.358 426.908 15.0375 8.8568 and
250.793 426.908 40.1214 8.8568 segmental

50.7340 438.275 41.9196 8.8568 alterations
98.1619 438.275 8.0856 8.8568 in
111.760 438.275 22.3332 8.8568 vessel
139.602 438.275 17.7474 8.8568 tone
162.867 438.275 17.9536 8.8568 with
186.329 438.275 31.4728 8.8568 variable
223.310 438.275 19.9461 8.8568 areas
248.755 438.275 8.0866 8.8568 of
262.354 438.275 28.5707 8.8568 arterial

50.7340 449.643 41.6088 8.8568 narrowing
94.6402 449.643 15.0415 8.8568 and
111.972 449.643 38.4965 8.8568 dilatation
152.769 449.643 15.6363 8.8568 [10,
170.703 449.643 11.9491 8.8568 14,
184.951 449.643 15.6393 8.8568 15].

65.6749 461.010 41.3876 8.8568 Aggressive
111.014 461.010 23.1989 8.8568 blood
138.178 461.010 33.1506 8.8568 pressure
175.272 461.010 38.9338 8.8568 reduction
218.153 461.010 6.1828 8.8568 is
228.287 461.010 34.3311 8.8568 accepted
266.565 461.010 7.8794 8.8568 as
278.387 461.010 12.5708 8.8568 the

50.7350 472.377 39.2218 8.8568 treatment
92.0718 472.377 8.0597 8.8568 of
102.259 472.377 52.3843 8.8568 hypertension
156.772 472.377 8.0856 8.8568 in
166.996 472.377 12.5549 8.8568 the
181.676 472.377 23.7957 8.8568 RCVS
207.606 472.377 43.2267 8.8568 syndromes
252.965 472.377 37.9555 8.8568 including

50.7350 483.745 16.7402 8.8568 PPA
72.3259 483.745 15.0495 8.8568 and
92.2402 483.745 39.1630 8.8568 eclampsia
136.266 483.745 15.6343 8.8568 [16,
156.764 483.745 15.6323 8.8568 17].
177.277 483.745 23.2447 8.8568 There
205.375 483.745 12.0697 8.8568 are
222.306 483.745 10.5873 8.8568 no
237.761 483.745 28.3924 8.8568 clinical
271.016 483.745 19.9372 8.8568 trials

50.7360 495.112 15.8136 8.8568 that
71.2022 495.112 18.0632 8.8568 have
93.9189 495.112 32.1284 8.8568 assessed
130.704 495.112 39.2636 8.8568 treatment
174.620 495.112 41.4225 8.8568 thresholds
220.705 495.112 8.0856 8.8568 in
233.450 495.112 20.2978 8.8568 these
258.410 495.112 32.5100 8.8568 settings.

50.7360 506.479 23.2467 8.8568 There
78.3424 506.479 6.1828 8.8568 is
88.8848 506.479 4.3437 8.8568 a
97.5881 506.479 28.8716 8.8568 general
130.819 506.479 40.1473 8.8568 consensus
175.323 506.479 8.1295 8.8568 to
187.815 506.479 22.0074 8.8568 lower
214.182 506.479 23.2318 8.8568 blood
241.792 506.479 36.6385 8.8568 pressures
282.790 506.479 8.1295 8.8568 to

50.7360 517.846 13.7593 8.8568 less
67.9155 517.846 18.1628 8.8568 than
89.5035 517.846 31.8624 8.8568 160/110
123.036 517.846 28.5937 8.8568 mmHg
155.061 517.846 8.0856 8.8568 in
166.572 517.846 31.5496 8.8568 patients
201.559 517.846 17.9536 8.8568 with
222.933 517.846 55.7537 8.8568 pre-eclampsia
282.119 517.846 8.8039 8.8568 or

50.7360 529.214 39.1700 8.8568 eclampsia
92.7622 529.214 19.3095 8.8568 [18].
114.919 529.214 37.4205 8.8568 However,
155.186 529.214 20.2898 8.8568 these
178.330 529.214 72.3843 8.8568 recommendations
253.567 529.214 12.0677 8.8568 are
268.479 529.214 22.4517 8.8568 based

50.7360 540.581 10.5853 8.8568 on
66.0067 540.581 25.1556 8.8568 expert
95.8506 540.581 31.6592 8.8568 opinion
132.222 540.581 15.0415 8.8568 and
151.948 540.581 13.6587 8.8568 not
170.304 540.581 27.2527 8.8568 guided
202.241 540.581 9.4754 8.8568 by
216.407 540.581 17.0121 8.8568 data
238.111 540.581 19.7917 8.8568 from
262.581 540.581 28.3326 8.8568 clinical

50.7360 551.948 22.3272 8.8568 trials.
78.5107 551.948 23.2467 8.8568 There
107.176 551.948 12.0677 8.8568 are
124.671 551.948 10.5883 8.8568 no
140.693 551.948 18.8413 8.8568 clear
164.959 551.948 39.2516 8.8568 treatment
209.628 551.948 40.3206 8.8568 guidelines
255.385 551.948 35.5426 8.8568 directing

50.7360 563.316 23.1830 8.8568 blood
76.9745 563.316 33.1306 8.8568 pressure
113.156 563.316 51.9301 8.8568 management
168.128 563.316 8.0846 8.8568 in
179.269 563.316 31.5366 8.8568 patients
213.866 563.316 17.9506 8.8568 with
234.867 563.316 21.3598 8.8568 other
259.285 563.316 31.6631 8.8568 cerebral

50.7360 574.683 65.7372 8.8568 vasoconstriction
118.936 574.683 45.6327 8.8568 syndromes;
167.037 574.683 33.4763 8.8568 however
202.986 574.683 10.8712 8.8568 we
216.315 574.683 36.3266 8.8568 routinely
255.109 574.683 21.5581 8.8568 strive
279.143 574.683 11.7340 8.8568 for

50.7360 586.050 54.9178 8.8568 normotensive
109.389 586.050 23.1830 8.8568 blood
136.303 586.050 33.1306 8.8568 pressure
173.152 586.050 22.5075 8.8568 goals.
199.380 586.050 15.5217 8.8568 The
218.619 586.050 29.5032 8.8568 current
251.849 586.050 39.0763 8.8568 American

50.7360 597.418 22.8741 8.8568 Heart
77.9030 597.418 88.2876 8.8568 Association/American
170.507 597.418 25.4315 8.8568 Stroke
200.241 597.418 46.0093 8.8568 Association
250.558 597.418 40.3296 8.8568 guidelines

50.7360 608.785 11.7320 8.8568 for
68.2433 608.785 12.5589 8.8568 the
86.5894 608.785 51.9121 8.8568 management
144.278 608.785 8.0827 8.8568 of
158.143 608.785 23.1750 8.8568 blood
187.120 608.785 33.1207 8.8568 pressure
226.019 608.785 8.0827 8.8568 in
239.893 608.785 21.0291 8.8568 acute
266.692 608.785 24.2231 8.8568 stroke

50.7360 620.152 48.1751 8.8568 recommend
102.749 620.152 42.2016 8.8568 permissive
148.803 620.152 52.3704 8.8568 hypertension
205.013 620.152 19.3583 8.8568 [19].
228.217 620.152 23.2437 8.8568 There
255.305 620.152 23.6422 8.8568 seems
282.790 620.152 8.1295 8.8568 to

50.7370 631.520 9.3081 8.8568 be
63.5648 631.520 10.5833 8.8568 no
77.6649 631.520 18.8213 8.8568 clear
100.003 631.520 32.8547 8.8568 solution
136.382 631.520 8.1295 8.8568 to
148.028 631.520 12.5589 8.8568 the
164.107 631.520 51.9121 8.8568 management
219.529 631.520 8.0827 8.8568 of
231.125 631.520 23.1750 8.8568 blood
257.824 631.520 33.1207 8.8568 pressure

50.7370 642.887 8.0916 8.8568 in
62.2089 642.887 31.5854 8.8568 patients
97.1876 642.887 17.9576 8.8568 with
118.520 642.887 23.7957 8.8568 RCVS
145.710 642.887 15.0475 8.8568 and
164.137 642.887 21.0749 8.8568 acute
188.587 642.887 29.7443 8.8568 infarcts
221.707 642.887 7.8834 8.8568 as
232.965 642.887 20.3018 8.8568 these
256.652 642.887 34.3182 8.8568 accepted

50.7370 654.254 42.7894 8.8568 treatments
96.5331 654.254 12.0637 8.8568 are
111.612 654.254 50.7913 8.8568 antagonistic.
165.430 654.254 8.6884 8.8568 In
177.130 654.254 14.5723 8.8568 this
194.727 654.254 29.0161 8.8568 setting,
226.779 654.254 40.7002 8.8568 additional
270.512 654.254 20.4293 8.8568 diag-

50.7370 665.622 23.9800 8.8568 nostic
78.5366 665.622 27.5904 8.8568 studies
109.943 665.622 15.7927 8.8568 that
129.543 665.622 30.5802 8.8568 provide
163.931 665.622 38.2524 8.8568 perfusion
205.987 665.622 51.1081 8.8568 information,
260.914 665.622 18.2794 8.8568 such
283.000 665.622 7.8834 8.8568 as

50.7370 676.989 28.0089 8.8568 Xe-CT,
82.2676 676.989 12.5977 8.8568 CT
98.3771 676.989 40.6424 8.8568 perfusion,
142.523 676.989 8.8020 8.8568 or
154.842 676.989 18.4308 8.8568 MRI
176.774 676.989 40.6424 8.8568 perfusion,
220.921 676.989 13.9277 8.8568 can
238.355 676.989 9.3409 8.8568 be
251.216 676.989 28.0696 8.8568 helpful
282.787 676.989 8.1295 8.8568 to

50.7370 688.365 21.9815 8.8568 guide
75.0049 688.365 54.2762 8.8568 management.

65.6769 699.733 17.5282 8.8568 This
87.1114 699.733 6.1848 8.8568 is
97.1936 699.733 12.5688 8.8568 the
113.668 699.733 15.7150 8.8568 ﬁrst
133.271 699.733 34.3750 8.8568 reported
171.556 699.733 16.2131 8.8568 case
191.658 699.733 8.0876 8.8568 of
203.647 699.733 9.7813 8.8568 an
217.321 699.733 46.4935 8.8568 intracranial
267.721 699.733 23.2089 8.8568 verte-

50.7370 711.100 39.9401 8.8568 brobasilar
95.1024 711.100 39.6980 8.8568 dissection
139.251 711.100 30.0313 8.8568 causing
173.713 711.100 34.7605 8.8568 ischemic
212.923 711.100 24.2231 8.8568 stroke
241.583 711.100 8.0856 8.8568 in
254.111 711.100 4.3437 8.8568 a
262.886 711.100 28.0108 8.8568 patient

50.7370 722.467 17.9556 8.8568 with
74.2816 722.467 16.7372 8.8568 PPA
96.5988 722.467 15.0465 8.8568 and
117.239 722.467 41.5839 8.8568 eclampsia.
164.442 722.467 17.5342 8.8568 This
187.574 722.467 6.1868 8.8568 is
199.350 722.467 41.3956 8.8568 signiﬁcant
246.343 722.467 30.9139 8.8568 because
282.847 722.467 8.0597 8.8568 of

50.7370 733.835 12.5648 8.8568 the
69.4587 733.835 44.7958 8.8568 uniqueness
120.419 733.835 8.0856 8.8568 of
134.664 733.835 12.5648 8.8568 the
153.386 733.835 16.2072 8.8568 case
175.750 733.835 15.0356 8.8568 and
196.947 733.835 12.5648 8.8568 the
215.677 733.835 46.0013 8.8568 uncertainty
267.845 733.835 23.0744 8.8568 about

308.666 74.5242 23.1949 8.8568 blood
336.672 74.5242 33.1456 8.8568 pressure
374.625 74.5242 54.3460 8.8568 management.
433.780 74.5242 6.4259 8.8568 A
445.011 74.5242 52.5467 8.8568 ﬂow-limiting
502.375 74.5242 46.4935 8.8568 intracranial

308.666 85.8915 39.7398 8.8568 dissection
350.499 85.8915 16.8378 8.8568 may
369.418 85.8915 17.6607 8.8568 alter
389.156 85.8915 12.5768 8.8568 the
403.813 85.8915 31.1680 8.8568 optimal
437.087 85.8915 22.8921 8.8568 target
462.057 85.8915 23.1899 8.8568 blood
487.341 85.8915 35.5575 8.8568 pressure.
524.980 85.8915 23.8833 8.8568 Blood

308.666 97.2588 33.1256 8.8568 pressure
346.742 97.2588 51.9211 8.8568 management
403.622 97.2588 30.6788 8.8568 tailored
439.264 97.2588 8.1295 8.8568 to
452.350 97.2588 12.5608 8.8568 the
469.879 97.2588 40.7092 8.8568 individual
515.557 97.2588 33.2721 8.8568 patient’s

308.666 108.626 31.6641 8.8568 cerebral
346.046 108.626 57.2750 8.8568 hemodynamic
409.057 108.626 22.5952 8.8568 needs
437.395 108.626 6.1828 8.8568 is
449.302 108.626 21.0012 8.8568 likely
476.038 108.626 12.5688 8.8568 the
494.340 108.626 15.9242 8.8568 best
515.988 108.626 32.8078 8.8568 solution

308.666 119.993 8.1295 8.8568 to
322.977 119.993 43.6760 8.8568 optimizing
372.864 119.993 17.5322 8.8568 CBF
396.579 119.993 8.1295 8.8568 to
410.890 119.993 19.9481 8.8568 areas
437.011 119.993 8.0886 8.8568 of
451.278 119.993 28.7929 8.8568 relative
486.255 119.993 34.9647 8.8568 ischemia
527.406 119.993 21.4664 8.8568 while

308.666 131.360 34.2325 8.8568 avoiding
347.526 131.360 34.9847 8.8568 excessive
387.120 131.360 39.6860 8.8568 elevations
431.423 131.360 8.0856 8.8568 in
444.123 131.360 38.2604 8.8568 perfusion
486.988 131.360 33.1137 8.8568 pressure
524.710 131.360 24.1613 8.8568 which

308.666 142.737 13.9397 8.8568 can
325.212 142.737 41.7572 8.8568 exacerbate
369.581 142.737 26.1927 8.8568 RCVS.
398.395 142.737 26.5284 8.8568 Xe-CT
427.554 142.737 13.1915 8.8568 has
443.356 142.737 18.9419 8.8568 been
464.913 142.737 29.7423 8.8568 utilized
497.288 142.737 8.1295 8.8568 to
508.034 142.737 40.8028 8.8568 determine

308.666 154.104 17.5262 8.8568 CBF
328.612 154.104 8.0856 8.8568 in
339.116 154.104 21.0629 8.8568 acute
362.592 154.104 26.6151 8.8568 stroke,
391.622 154.104 48.1632 8.8568 diﬀerentiate
442.207 154.104 32.9682 8.8568 between
477.592 154.104 31.7139 8.8568 normal,
511.730 154.104 37.1386 8.8568 ischemic,

308.667 165.471 15.0395 8.8568 and
325.818 165.471 44.7042 8.8568 irreversibly
372.630 165.471 35.5436 8.8568 infarcted
410.285 165.471 24.7451 8.8568 tissue,
437.139 165.471 15.0445 8.8568 and
454.295 165.471 35.1550 8.8568 optimize
491.593 165.471 57.2750 8.8568 hemodynamic

308.667 176.839 39.2078 8.8568 treatment
351.762 176.839 44.4471 8.8568 parameters
400.107 176.839 33.8728 8.8568 [20–22].
437.889 176.839 6.3093 8.8568 It
448.095 176.839 13.1785 8.8568 has
465.162 176.839 15.5327 8.8568 also
484.598 176.839 41.4066 8.8568 previously
529.894 176.839 18.9210 8.8568 been

308.668 188.206 34.3779 8.8568 reported
345.967 188.206 8.1295 8.8568 to
357.010 188.206 20.5947 8.8568 show
380.516 188.206 31.4380 8.8568 changes
414.861 188.206 8.0886 8.8568 in
425.870 188.206 32.4990 8.8568 regional
461.285 188.206 17.5322 8.8568 CBF
481.733 188.206 8.0856 8.8568 in
492.730 188.206 4.3437 8.8568 a
499.984 188.206 28.0288 8.8568 patient
530.937 188.206 17.9576 8.8568 with

308.668 199.573 39.1700 8.8568 eclampsia
349.768 199.573 19.3155 8.8568 [23].
371.003 199.573 26.5364 8.8568 Xe-CT
399.467 199.573 14.6440 8.8568 was
416.028 199.573 18.3760 8.8568 used
436.317 199.573 8.0946 8.8568 in
446.343 199.573 14.1967 8.8568 our
462.455 199.573 16.2331 8.8568 case
480.606 199.573 8.1295 8.8568 to
490.659 199.573 17.2751 8.8568 help
509.856 199.573 22.8841 8.8568 direct
534.657 199.573 14.1887 8.8568 our

308.668 210.941 23.1750 8.8568 blood
334.854 210.941 33.1207 8.8568 pressure
370.981 210.941 51.9121 8.8568 management
425.890 210.941 9.4754 8.8568 by
438.373 210.941 46.4895 8.8568 presumably
487.862 210.941 40.4302 8.8568 increasing
531.299 210.941 17.5202 8.8568 CBF

308.668 222.308 8.1295 8.8568 to
319.180 222.308 19.9421 8.8568 areas
341.507 222.308 8.0597 8.8568 of
351.956 222.308 28.7740 8.8568 relative
383.116 222.308 37.3508 8.8568 ischemia,
422.855 222.308 21.4664 8.8568 while
446.707 222.308 46.5263 8.8568 minimizing
495.647 222.308 12.5708 8.8568 the
510.604 222.308 38.2723 8.8568 perfusion

308.668 233.675 33.1506 8.8568 pressure
344.105 233.675 28.5080 8.8568 needed
374.913 233.675 8.1295 8.8568 to
385.334 233.675 45.0170 8.8568 accomplish
432.638 233.675 14.5723 8.8568 this
449.506 233.675 18.9588 8.8568 goal.

308.664 261.182 8.8838 10.6281 3.
319.937 261.182 57.6559 10.6281 Conclusion

308.664 282.367 47.0743 8.8568 Intracranial
359.131 282.367 59.5465 8.8568 vertebrobasilar
422.068 282.367 39.7119 8.8568 dissection
465.187 282.367 6.1828 8.8568 is
474.772 282.367 4.3437 8.8568 a
482.512 282.367 15.8027 8.8568 rare
501.708 282.367 47.0992 8.8568 postpartum

308.664 293.734 52.5816 8.8568 complication
365.409 293.734 15.0395 8.8568 and
384.601 293.734 21.0012 8.8568 likely
409.771 293.734 25.9516 8.8568 occurs
439.881 293.734 8.0856 8.8568 in
452.130 293.734 25.8719 8.8568 vessels
482.160 293.734 17.9536 8.8568 with
504.272 293.734 44.5458 8.8568 endothelial

308.664 305.102 30.8691 8.8568 damage
345.734 305.102 19.8116 8.8568 from
371.746 305.102 40.1244 8.8568 associated
418.076 305.102 43.6292 8.8568 underlying
467.917 305.102 42.3371 8.8568 conditions
516.473 305.102 18.3063 8.8568 such
540.980 305.102 7.8774 8.8568 as

308.664 316.469 39.1490 8.8568 eclampsia
350.966 316.469 15.0475 8.8568 and
369.168 316.469 19.1302 8.8568 PPA.
391.452 316.469 67.8144 8.8568 Antihypertensive
462.426 316.469 30.2953 8.8568 therapy
495.874 316.469 8.1295 8.8568 to
507.150 316.469 18.2864 8.8568 treat
528.586 316.469 20.2978 8.8568 these

308.664 327.836 31.2188 8.8568 diseases
341.845 327.836 16.8378 8.8568 may
360.637 327.836 41.7712 8.8568 exacerbate
404.362 327.836 34.9598 8.8568 ischemia
441.288 327.836 8.0876 8.8568 in
451.334 327.836 31.5575 8.8568 patients
484.863 327.836 17.9536 8.8568 with
504.769 327.836 44.0935 8.8568 concurrent

308.664 339.203 31.6641 8.8568 cerebral
342.210 339.203 41.8439 8.8568 infarction.
385.946 339.203 57.4453 8.8568 Individualized
445.296 339.203 32.0577 8.8568 therapy,
479.255 339.203 32.9573 8.8568 utilizing
514.113 339.203 34.7177 8.8568 methods

308.664 350.571 8.1295 8.8568 to
319.509 350.571 33.3638 8.8568 quantify
355.583 350.571 18.9200 8.8568 CBF,
377.224 350.571 16.8358 8.8568 may
396.771 350.571 21.1725 8.8568 allow
420.657 350.571 37.5022 8.8568 clinicians
460.887 350.571 8.1295 8.8568 to
471.732 350.571 35.1510 8.8568 optimize
509.629 350.571 39.2457 8.8568 treatment

308.664 361.938 8.0866 8.8568 of
319.042 361.938 18.8672 8.8568 their
340.202 361.938 31.5506 8.8568 patients
374.058 361.938 15.0375 8.8568 and
391.387 361.938 34.9956 8.8568 warrants
428.670 361.938 28.3665 8.8568 further
459.321 361.938 23.4012 8.8568 study.

308.664 389.468 54.3945 10.6281 References

312.966 410.391 10.9336 7.9711 [1]
327.881 410.391 20.3591 7.9711 C.-H.
351.380 410.391 17.6826 7.9711 Kim,
372.194 410.391 14.6287 7.9711 Y.-J.
389.963 410.391 15.9620 7.9711 Son,
409.065 410.391 6.4181 7.9711 S.
418.632 410.391 9.0283 7.9711 H.
430.800 410.391 18.9012 7.9711 Paek,
452.850 410.391 6.5338 7.9711 et
462.527 410.391 10.4647 7.9711 al.,
476.141 410.391 31.4461 7.9711 “Clinical
510.727 410.391 27.7142 7.9711 analysis
541.594 410.391 7.2780 7.9711 of

327.887 420.859 53.5698 7.9711 vertebrobasilar
383.575 420.859 40.7388 7.9711 dissection,”
426.436 420.859 15.6266 7.9711 Acta
444.166 420.859 58.8510 7.9711 Neurochirurgica,
505.123 420.859 12.9869 7.9711 vol.
520.215 420.859 15.0609 7.9711 148,
537.390 420.859 11.4653 7.9711 no.

327.888 431.317 6.4513 7.9711 4,
336.409 431.317 11.3999 7.9711 pp.
349.869 431.317 32.4270 7.9711 395–404,
384.374 431.317 19.3495 7.9711 2006.

312.966 441.776 10.9408 7.9711 [2]
327.889 441.776 6.7777 7.9711 T.
338.230 441.776 29.0117 7.9711 Hosoya,
370.805 441.776 10.1598 7.9711 M.
384.519 441.776 27.2139 7.9711 Adachi,
415.296 441.776 8.0438 7.9711 K.
426.894 441.776 41.3934 7.9711 Yamaguchi,
471.860 441.776 6.7777 7.9711 T.
482.192 441.776 22.0269 7.9711 Haku,
507.782 441.776 6.7777 7.9711 T.
518.114 441.776 30.7449 7.9711 Kayama,

327.888 452.243 13.5321 7.9711 and
346.829 452.243 6.7777 7.9711 T.
359.014 452.243 18.8465 7.9711 Kato,
383.277 452.243 31.4407 7.9711 “Clinical
420.127 452.243 13.5321 7.9711 and
439.067 452.243 63.6220 7.9711 neuroradiological
508.116 452.243 28.0236 7.9711 features
541.551 452.243 7.2771 7.9711 of

327.888 462.701 41.8318 7.9711 intracranial
372.391 462.701 53.5733 7.9711 vertebrobasilar
428.640 462.701 21.3203 7.9711 artery
452.630 462.701 40.6841 7.9711 dissection,”
496.069 462.701 23.6973 7.9711 Stroke,
522.439 462.701 12.9851 7.9711 vol.
538.096 462.701 10.7561 7.9711 30,

327.888 473.160 11.4644 7.9711 no.
341.422 473.160 6.4540 7.9711 5,
349.937 473.160 11.3766 7.9711 pp.
363.373 473.160 41.0500 7.9711 1083–1090,
406.501 473.160 19.3603 7.9711 1999.

312.966 483.627 10.9282 7.9711 [3]
327.877 483.627 7.1202 7.9711 E.
340.072 483.627 13.8934 7.9711 Van
359.032 483.627 8.4948 7.9711 de
372.599 483.627 19.0904 7.9711 Kelft,
396.765 483.627 4.8248 7.9711 J.
406.655 483.627 30.8014 7.9711 Kunnen,
442.532 483.627 6.9077 7.9711 L.
454.506 483.627 27.3179 7.9711 Truyen,
486.907 483.627 13.5303 7.9711 and
505.505 483.627 6.9077 7.9711 L.
517.487 483.627 31.3770 7.9711 Heytens,

327.888 494.086 46.1958 7.9711 “Postpartum
375.867 494.086 35.1384 7.9711 dissecting
412.784 494.086 35.4522 7.9711 aneurysm
450.019 494.086 7.2816 7.9711 of
459.083 494.086 11.3174 7.9711 the
472.178 494.086 23.5583 7.9711 basilar
497.522 494.086 25.8107 7.9711 artery,”
525.165 494.086 23.6973 7.9711 Stroke,

327.887 504.544 12.9851 7.9711 vol.
342.942 504.544 10.7561 7.9711 23,
355.768 504.544 11.4644 7.9711 no.
369.292 504.544 6.4540 7.9711 1,
377.806 504.544 11.3775 7.9711 pp.
391.253 504.544 32.4458 7.9711 114–116,
425.768 504.544 19.3603 7.9711 1992.

312.966 515.011 10.9300 7.9711 [4]
327.878 515.011 4.8248 7.9711 J.
334.817 515.011 30.1415 7.9711 Abisaab,
367.081 515.011 8.7942 7.9711 N.
377.999 515.011 45.8757 7.9711 Nevadunsky,
426.007 515.011 13.5312 7.9711 and
441.652 515.011 8.7916 7.9711 N.
452.567 515.011 50.4270 7.9711 Flomenbaum,
505.117 515.011 43.7515 7.9711 “Emergency

327.887 525.470 42.2057 7.9711 department
372.102 525.470 44.8526 7.9711 presentation
418.953 525.470 7.2762 7.9711 of
428.228 525.470 29.1112 7.9711 bilateral
459.346 525.470 25.3193 7.9711 carotid
486.672 525.470 21.3230 7.9711 artery
509.990 525.470 38.8155 7.9711 dissections

327.887 535.928 7.2816 7.9711 in
337.941 535.928 3.9094 7.9711 a
344.629 535.928 42.4478 7.9711 postpartum
389.840 535.928 30.2804 7.9711 patient,”
422.899 535.928 24.0353 7.9711 Annals
449.708 535.928 6.3904 7.9711 of
458.879 535.928 37.3800 7.9711 Emergency
499.019 535.928 34.0840 7.9711 Medicine,
535.865 535.928 12.9869 7.9711 vol.

327.887 546.387 10.7561 7.9711 44,
340.713 546.387 11.4644 7.9711 no.
354.238 546.387 6.4540 7.9711 5,
362.761 546.387 11.3775 7.9711 pp.
376.199 546.387 32.4458 7.9711 484–489,
410.724 546.387 19.3603 7.9711 2004.

312.966 556.854 10.9408 7.9711 [5]
327.888 556.854 6.7777 7.9711 T.
340.425 556.854 23.2194 7.9711 Inoue,
369.413 556.854 6.4181 7.9711 S.
381.590 556.854 40.8124 7.9711 Nishimura,
428.161 556.854 8.7969 7.9711 N.
442.717 556.854 30.8346 7.9711 Hayashi,
479.320 556.854 6.5347 7.9711 Y.
491.614 556.854 42.4308 7.9711 Numagami,
539.813 556.854 9.0283 7.9711 H.

327.887 567.312 36.2646 7.9711 Takazawa,
372.629 567.312 13.5384 7.9711 and
394.609 567.312 10.1616 7.9711 M.
413.212 567.312 37.3433 7.9711 Nishijima,
459.005 567.312 46.2101 7.9711 “Postpartum
513.658 567.312 35.1546 7.9711 dissecting

327.887 577.771 35.4415 7.9711 aneurysm
365.903 577.771 7.2691 7.9711 of
375.747 577.771 11.2923 7.9711 the
389.609 577.771 32.6745 7.9711 posterior
424.861 577.771 28.4656 7.9711 cerebral
455.909 577.771 25.7981 7.9711 artery,”
484.314 577.771 25.8313 7.9711 Journal
512.719 577.771 6.3904 7.9711 of
521.684 577.771 27.1754 7.9711 Clinical

327.887 588.238 47.2951 7.9711 Neuroscience,
377.233 588.238 12.9851 7.9711 vol.
392.279 588.238 10.7561 7.9711 14,
405.104 588.238 11.4644 7.9711 no.
418.628 588.238 6.4540 7.9711 6,
427.152 588.238 11.3775 7.9711 pp.
440.590 588.238 32.4458 7.9711 576–581,
475.114 588.238 19.3603 7.9711 2007.

312.966 598.697 10.9408 7.9711 [6]
327.888 598.697 4.8248 7.9711 J.
335.901 598.697 10.1616 7.9711 M.
349.250 598.697 37.6571 7.9711 Waidelich,
390.095 598.697 7.9389 7.9711 A.
401.221 598.697 6.4181 7.9711 S.
410.827 598.697 35.2084 7.9711 Bullough,
449.223 598.697 13.5357 7.9711 and
465.944 598.697 4.8248 7.9711 J.
473.954 598.697 10.1616 7.9711 M.
487.300 598.697 25.8214 7.9711 Mhyre,
516.306 598.697 32.5435 7.9711 “Internal

327.887 609.155 25.3408 7.9711 carotid
357.485 609.155 21.3544 7.9711 artery
383.084 609.155 37.8292 7.9711 dissection:
425.169 609.155 8.8050 7.9711 an
438.232 609.155 28.7104 7.9711 unusual
471.189 609.155 19.4347 7.9711 cause
494.877 609.155 7.2807 7.9711 of
506.407 609.155 42.4066 7.9711 postpartum

327.887 619.622 38.3896 7.9711 headache,”
369.764 619.622 46.1985 7.9711 International
419.427 619.622 25.8465 7.9711 Journal
448.738 619.622 6.3895 7.9711 of
458.601 619.622 31.6720 7.9711 Obstetric
493.733 619.622 38.6784 7.9711 Anesthesia,
535.866 619.622 12.9869 7.9711 vol.

327.887 630.081 10.7561 7.9711 17,
340.713 630.081 11.4644 7.9711 no.
354.238 630.081 6.4540 7.9711 1,
362.761 630.081 11.3775 7.9711 pp.
376.199 630.081 23.8417 7.9711 61–65,
402.110 630.081 19.3603 7.9711 2008.

312.966 640.539 10.9426 7.9711 [7]
327.890 640.539 10.1616 7.9711 M.
340.670 640.539 27.7636 7.9711 Arnold,
371.052 640.539 10.1616 7.9711 M.
383.840 640.539 60.1636 7.9711 Camus-Jacqmin,
446.622 640.539 8.0626 7.9711 C.
457.303 640.539 20.4882 7.9711 Stapf,
480.418 640.539 6.5383 7.9711 et
489.586 640.539 10.4781 7.9711 al.,
502.691 640.539 46.2030 7.9711 “Postpartum

327.887 651.007 54.9300 7.9711 cervicocephalic
386.243 651.007 21.3544 7.9711 artery
410.987 651.007 40.7209 7.9711 dissection,”
455.128 651.007 23.6973 7.9711 Stroke,
482.220 651.007 12.9869 7.9711 vol.
498.608 651.007 10.7561 7.9711 39,
512.765 651.007 11.4662 7.9711 no.
527.626 651.007 6.4540 7.9711 8,
537.474 651.007 11.3766 7.9711 pp.

327.887 661.465 41.0500 7.9711 2377–2379,
371.016 661.465 19.3603 7.9711 2008.

312.966 671.923 10.9390 7.9711 [8]
327.887 671.923 9.7572 7.9711 W.
339.407 671.923 5.1673 7.9711 I.
346.328 671.923 36.9837 7.9711 Schievink,
385.083 671.923 7.2995 7.9711 B.
394.137 671.923 24.7437 7.9711 Mokri,
420.625 671.923 13.5357 7.9711 and
435.924 671.923 4.8248 7.9711 J.
442.503 671.923 5.9860 7.9711 P.
450.243 671.923 37.1872 7.9711 Whisnant,
489.193 671.923 32.5462 7.9711 “Internal
523.494 671.923 25.3408 7.9711 carotid

327.887 682.382 21.3293 7.9711 artery
354.380 682.382 35.6934 7.9711 dissection
395.230 682.382 7.2807 7.9711 in
407.678 682.382 3.9094 7.9711 a
416.741 682.382 44.3496 7.9711 community:
466.264 682.382 36.8689 7.9711 Rochester,
508.307 682.382 40.5452 7.9711 Minnesota,

327.887 692.849 43.9416 7.9711 1987–1992,”
373.913 692.849 23.6973 7.9711 Stroke,
399.671 692.849 12.9816 7.9711 vol.
414.722 692.849 10.7525 7.9711 24,
427.544 692.849 11.4626 7.9711 no.
441.066 692.849 10.7525 7.9711 11,
453.888 692.849 11.4008 7.9711 pp.
467.348 692.849 41.0338 7.9711 1678–1680,
510.460 692.849 19.3531 7.9711 1993.

312.966 703.308 10.9318 7.9711 [9]
327.878 703.308 6.7768 7.9711 T.
337.128 703.308 33.0358 7.9711 Sharshar,
372.646 703.308 8.0572 7.9711 C.
383.167 703.308 21.4781 7.9711 Lamy,
407.127 703.308 13.5312 7.9711 and
423.141 703.308 4.8239 7.9711 J.
430.438 703.308 6.9095 7.9711 L.
439.820 703.308 17.1016 7.9711 Mas,
459.395 703.308 38.5977 7.9711 “Incidence
500.481 703.308 13.5321 7.9711 and
516.487 703.308 22.6025 7.9711 causes
541.576 703.308 7.2520 7.9711 of

327.887 713.766 24.9858 7.9711 strokes
354.973 713.766 36.1193 7.9711 associated
393.198 713.766 16.1521 7.9711 with
411.447 713.766 37.3074 7.9711 pregnancy
450.857 713.766 13.5339 7.9711 and
466.496 713.766 45.4274 7.9711 puerperium:
514.020 713.766 3.9094 7.9711 a
520.023 713.766 19.4732 7.9711 study
541.590 713.766 7.2789 7.9711 in

327.887 724.233 22.5550 7.9711 public
353.705 724.233 31.8083 7.9711 hospitals
388.784 724.233 7.2529 7.9711 of
399.296 724.233 9.0632 7.9711 Ile
411.622 724.233 8.4957 7.9711 de
423.380 724.233 29.1040 7.9711 France,”
455.785 724.233 23.6973 7.9711 Stroke,
482.749 724.233 12.9869 7.9711 vol.
499.001 724.233 10.7561 7.9711 26,
513.023 724.233 11.4662 7.9711 no.
527.756 724.233 6.4540 7.9711 6,
537.476 724.233 11.3775 7.9711 pp.

327.887 734.692 32.4458 7.9711 930–936,
362.412 734.692 19.3603 7.9711 1995.

50.7330 45.1903 25.4305 8.8568 Stroke
78.4499 45.1903 35.1520 8.8568 Research
115.879 45.1903 15.0395 8.8568 and
133.209 45.1903 41.1326 8.8568 Treatment

544.077 45.1903 4.7820 8.8568 5

50.7330 75.1508 15.2402 7.9711 [10]
69.9552 75.1508 7.9344 7.9711 A.
80.4808 75.1508 7.2995 7.9711 B.
90.3717 75.1508 28.7812 7.9711 Singhal,
121.753 75.1508 46.1814 7.9711 “Postpartum
170.517 75.1508 39.9507 7.9711 angiopathy
213.075 75.1508 16.1521 7.9711 with
231.819 75.1508 34.2239 7.9711 reversible
268.639 75.1508 22.3039 7.9711 poste-

69.9570 85.6182 13.6989 7.9711 rior
86.3233 85.6182 80.4071 7.9711 leukoencephalopathy,”
169.432 85.6182 28.7866 7.9711 Archives
200.885 85.6182 6.3904 7.9711 of
209.948 85.6182 37.7306 7.9711 Neurology,
250.360 85.6182 12.9869 7.9711 vol.
266.027 85.6182 10.7579 7.9711 61,
279.457 85.6182 11.4653 7.9711 no.

69.9579 96.0766 6.4513 7.9711 3,
78.4786 96.0766 11.3999 7.9711 pp.
91.9390 96.0766 32.4270 7.9711 411–416,
126.444 96.0766 19.3495 7.9711 2004.

50.7339 106.535 15.2483 7.9711 [11]
69.9641 106.535 7.7308 7.9711 R.
82.2212 106.535 4.8248 7.9711 J.
91.5633 106.535 25.9568 7.9711 Levine,
122.064 106.535 6.4181 7.9711 S.
133.008 106.535 7.1202 7.9711 E.
144.646 106.535 34.5054 7.9711 Maynard,
183.686 106.535 8.0653 7.9711 C.
196.269 106.535 20.0256 7.9711 Qian,
220.830 106.535 6.5383 7.9711 et
231.896 106.535 10.4781 7.9711 al.,
246.909 106.535 44.0322 7.9711 “Circulating

69.9579 116.993 38.8971 7.9711 angiogenic
112.811 116.993 24.0936 7.9711 factors
140.849 116.993 13.5375 7.9711 and
158.337 116.993 11.3192 7.9711 the
173.595 116.993 13.3581 7.9711 risk
190.894 116.993 7.2529 7.9711 of
202.089 116.993 51.9433 7.9711 preeclampsia,”
257.947 116.993 13.3976 7.9711 The
275.291 116.993 15.6383 7.9711 New

69.9579 127.460 28.7777 7.9711 England
100.417 127.460 25.8519 7.9711 Journal
127.933 127.460 6.3904 7.9711 of
135.998 127.460 34.0750 7.9711 Medicine,
171.728 127.460 12.9851 7.9711 vol.
186.386 127.460 15.0582 7.9711 350,
203.117 127.460 11.4644 7.9711 no.
216.255 127.460 6.4540 7.9711 7,
224.382 127.460 11.3775 7.9711 pp.
237.433 127.460 32.4458 7.9711 672–683,
271.561 127.460 19.3603 7.9711 2004.

50.7339 137.919 15.2402 7.9711 [12]
69.9561 137.919 7.7281 7.9711 R.
80.8960 137.919 4.8248 7.9711 J.
88.9415 137.919 25.9488 7.9711 Levine,
118.111 137.919 8.0653 7.9711 C.
129.388 137.919 18.2090 7.9711 Lam,
150.817 137.919 8.0653 7.9711 C.
162.094 137.919 20.0175 7.9711 Qian,
185.333 137.919 6.5356 7.9711 et
195.092 137.919 10.4701 7.9711 al.,
208.782 137.919 30.4221 7.9711 “Soluble
242.431 137.919 31.7509 7.9711 endoglin
277.405 137.919 13.5375 7.9711 and

69.9579 148.377 19.2491 7.9711 other
91.5319 148.377 38.2094 7.9711 circulating
132.069 148.377 52.8650 7.9711 antiangiogenic
187.270 148.377 24.0936 7.9711 factors
213.689 148.377 7.2807 7.9711 in
223.301 148.377 51.9433 7.9711 preeclampsia,”
277.530 148.377 13.3976 7.9711 The

69.9579 158.845 15.6383 7.9711 New
88.7147 158.845 28.7902 7.9711 England
120.627 158.845 25.8367 7.9711 Journal
149.585 158.845 6.3904 7.9711 of
159.099 158.845 34.0768 7.9711 Medicine,
196.280 158.845 12.9798 7.9711 vol.
212.381 158.845 15.0501 7.9711 355,
230.554 158.845 11.4617 7.9711 no.
245.138 158.845 10.7507 7.9711 10,
259.010 158.845 11.3999 7.9711 pp.
273.532 158.845 17.3814 7.9711 992–

69.9579 169.303 19.3603 7.9711 1005,
91.3876 169.303 19.3603 7.9711 2006.

50.7339 179.761 15.2429 7.9711 [13]
69.9588 179.761 7.9389 7.9711 A.
79.7151 179.761 7.2995 7.9711 B.
88.8223 179.761 28.7812 7.9711 Singhal,
119.430 179.761 9.7572 7.9711 W.
131.013 179.761 6.7777 7.9711 T.
139.608 179.761 35.0730 7.9711 Kimberly,
176.502 179.761 5.9860 7.9711 P.
184.308 179.761 9.7572 7.9711 W.
195.885 179.761 31.6810 7.9711 Schaefer,
229.393 179.761 13.5357 7.9711 and
244.748 179.761 7.1202 7.9711 E.
253.689 179.761 6.7777 7.9711 T.
262.287 179.761 28.6261 7.9711 Hedley-

69.9579 190.229 25.5731 7.9711 Whyte,
99.0036 190.229 20.4613 7.9711 “Case
122.917 190.229 26.9422 7.9711 8-2009:
153.323 190.229 3.9094 7.9711 a
160.694 190.229 41.4328 7.9711 36-year-old
205.582 190.229 26.7773 7.9711 woman
235.825 190.229 16.1539 7.9711 with
255.435 190.229 35.4666 7.9711 headache,

69.9579 200.687 49.2946 7.9711 hypertension,
123.184 200.687 13.5330 7.9711 and
140.640 200.687 24.7993 7.9711 seizure
169.369 200.687 4.3039 7.9711 2
177.595 200.687 21.1293 7.9711 weeks
202.660 200.687 15.3451 7.9711 post
221.931 200.687 32.1239 7.9711 partum,”
257.974 200.687 13.3976 7.9711 The
275.291 200.687 15.6383 7.9711 New

69.9579 211.146 28.7777 7.9711 England
101.316 211.146 25.8519 7.9711 Journal
129.742 211.146 6.3904 7.9711 of
138.706 211.146 34.0759 7.9711 Medicine,
175.338 211.146 12.9816 7.9711 vol.
190.902 211.146 15.0528 7.9711 360,
208.528 211.146 11.4626 7.9711 no.
222.564 211.146 10.7525 7.9711 11,
235.899 211.146 11.4008 7.9711 pp.
249.873 211.146 41.0338 7.9711 1126–1137,

69.9579 221.613 19.3603 7.9711 2009.

50.7339 232.071 15.2375 7.9711 [14]
69.9534 232.071 4.8248 7.9711 J.
79.3941 232.071 31.9267 7.9711 Hinchey,
115.954 232.071 8.0590 7.9711 C.
128.629 232.071 27.4856 7.9711 Chaves,
160.740 232.071 7.2995 7.9711 B.
172.655 232.071 39.8969 7.9711 Appignani,
217.177 232.071 6.5347 7.9711 et
228.330 232.071 10.4674 7.9711 al.,
243.422 232.071 8.7171 7.9711 “A
256.769 232.071 34.1889 7.9711 reversible

69.9579 242.530 32.6709 7.9711 posterior
105.368 242.530 75.9813 7.9711 leukoencephalopathy
184.109 242.530 40.7720 7.9711 syndrome,”
227.626 242.530 13.3940 7.9711 The
243.760 242.530 15.6383 7.9711 New
262.130 242.530 28.7830 7.9711 England

69.9579 252.997 25.8394 7.9711 Journal
97.8577 252.997 6.3904 7.9711 of
106.318 252.997 34.0822 7.9711 Medicine,
142.451 252.997 12.9851 7.9711 vol.
157.505 252.997 15.0582 7.9711 334,
174.623 252.997 11.4644 7.9711 no.
188.157 252.997 6.4540 7.9711 8,
196.671 252.997 11.3775 7.9711 pp.
210.117 252.997 32.4458 7.9711 494–500,
244.633 252.997 19.3603 7.9711 1996.

50.7339 263.456 15.2375 7.9711 [15]
69.9534 263.456 10.1571 7.9711 M.
82.6381 263.456 8.0590 7.9711 C.
93.2248 263.456 30.0778 7.9711 Morriss,
125.821 263.456 8.2356 7.9711 D.
136.593 263.456 10.1571 7.9711 M.
149.288 263.456 32.1571 7.9711 Twickler,
183.991 263.456 10.1616 7.9711 M.
196.680 263.456 7.7317 7.9711 R.
206.940 263.456 23.8686 7.9711 Hatab,
233.355 263.456 8.4428 7.9711 G.
244.335 263.456 8.2356 7.9711 D.
255.107 263.456 25.5542 7.9711 Clarke,
283.198 263.456 7.7272 7.9711 R.

69.9579 273.914 10.1607 7.9711 M.
82.0347 273.914 31.2461 7.9711 Peshock,
115.205 273.914 13.5429 7.9711 and
130.674 273.914 5.8685 7.9711 F.
138.468 273.914 8.4428 7.9711 G.
148.827 273.914 50.0478 7.9711 Cunningham,
200.800 273.914 34.4740 7.9711 “Cerebral
237.199 273.914 20.8693 7.9711 blood
259.985 273.914 15.4859 7.9711 ﬂow
277.392 273.914 13.5375 7.9711 and

69.9579 284.372 24.4684 7.9711 cranial
97.3780 284.372 33.0439 7.9711 magnetic
133.370 284.372 35.8782 7.9711 resonance
172.205 284.372 29.2412 7.9711 imaging
204.386 284.372 7.2816 7.9711 in
214.620 284.372 35.2308 7.9711 eclampsia
252.799 284.372 13.5366 7.9711 and
269.279 284.372 21.6458 7.9711 severe

69.9579 294.840 51.9361 7.9711 preeclampsia,”
125.216 294.840 34.6462 7.9711 Obstetrics
163.131 294.840 13.3841 7.9711 and
179.807 294.840 41.6184 7.9711 Gynecology,
224.728 294.840 12.9869 7.9711 vol.
241.009 294.840 10.7579 7.9711 89,
255.051 294.840 11.4653 7.9711 no.
269.809 294.840 6.4540 7.9711 4,
279.548 294.840 11.3775 7.9711 pp.

69.9579 305.298 32.4458 7.9711 561–568,
104.482 305.298 19.3603 7.9711 1997.

50.7339 315.757 15.2321 7.9711 [16]
69.9480 315.757 8.4428 7.9711 G.
84.1947 315.757 8.4428 7.9711 G.
98.4325 315.757 31.1959 7.9711 Zeeman,
135.441 315.757 37.1308 7.9711 “Obstetric
178.364 315.757 24.5617 7.9711 critical
208.730 315.757 16.7403 7.9711 care:
231.284 315.757 3.9094 7.9711 a
240.994 315.757 33.6231 7.9711 blueprint
280.415 315.757 10.5642 7.9711 for

69.9579 326.224 34.6372 7.9711 improved
107.348 326.224 39.7561 7.9711 outcomes,”
149.849 326.224 26.2339 7.9711 Critical
178.818 326.224 16.5547 7.9711 Care
198.113 326.224 34.0947 7.9711 Medicine,
234.943 326.224 12.9780 7.9711 vol.
250.673 326.224 10.7489 7.9711 34,
264.175 326.224 26.7593 7.9711 supple-

69.9579 336.682 18.8043 7.9711 ment
90.8245 336.682 6.4504 7.9711 9,
99.3443 336.682 11.3990 7.9711 pp.
112.803 336.682 40.9460 7.9711 S208–S214,
155.828 336.682 19.3459 7.9711 2006.

50.7339 347.141 15.2402 7.9711 [17]
69.9561 347.141 7.9344 7.9711 A.
81.6061 347.141 28.2513 7.9711 Ducros,
113.573 347.141 10.1616 7.9711 M.
127.450 347.141 37.9575 7.9711 Boukobza,
169.132 347.141 7.7281 7.9711 R.
180.576 347.141 29.5766 7.9711 Porcher,
213.877 347.141 10.1580 7.9711 M.
227.751 347.141 21.6583 7.9711 Sarov,
253.134 347.141 8.2356 7.9711 D.
265.085 347.141 25.8170 7.9711 Valade,

69.9579 357.608 13.5482 7.9711 and
85.3863 357.608 21.8942 7.9711 M.-G.
109.151 357.608 29.8330 7.9711 Bousser,
140.856 357.608 18.0449 7.9711 “The
160.777 357.608 25.5444 7.9711 clinical
188.211 357.608 13.5482 7.9711 and
203.639 357.608 42.4389 7.9711 radiological
247.967 357.608 33.8517 7.9711 spectrum
283.691 357.608 7.2529 7.9711 of

69.9579 368.067 34.2068 7.9711 reversible
107.077 368.067 28.4925 7.9711 cerebral
138.494 368.067 59.1800 7.9711 vasoconstriction
200.590 368.067 37.9431 7.9711 syndrome.
241.439 368.067 5.7833 7.9711 A
250.133 368.067 40.7236 7.9711 prospective

69.9579 378.525 19.6570 7.9711 series
92.3721 378.525 7.2744 7.9711 of
102.401 378.525 8.6015 7.9711 67
113.754 378.525 33.4079 7.9711 patients,”
149.948 378.525 21.7265 7.9711 Brain,
174.428 378.525 12.9816 7.9711 vol.
190.162 378.525 15.0528 7.9711 130,
207.976 378.525 11.4626 7.9711 no.
222.201 378.525 10.7525 7.9711 12,
235.706 378.525 11.4008 7.9711 pp.
249.868 378.525 41.0338 7.9711 3091–3101,

69.9579 388.992 19.3603 7.9711 2007.

50.7339 399.451 15.2375 7.9711 [18]
69.9534 399.451 28.6010 7.9711 “Report
101.093 399.451 7.2529 7.9711 of
110.885 399.451 11.3156 7.9711 the
124.735 399.451 31.0973 7.9711 National
158.379 399.451 18.1256 7.9711 High
179.051 399.451 21.5122 7.9711 Blood
203.100 399.451 29.9639 7.9711 Pressure
235.589 399.451 36.8645 7.9711 Education
275.001 399.451 15.9351 7.9711 Pro-

69.9579 409.909 18.8519 7.9711 gram
91.1679 409.909 31.2838 7.9711 Working
124.825 409.909 23.6058 7.9711 Group
150.788 409.909 9.5035 7.9711 on
162.649 409.909 18.1292 7.9711 High
183.146 409.909 21.4960 7.9711 Blood
206.999 409.909 29.9854 7.9711 Pressure
239.338 409.909 7.2843 7.9711 in
248.981 409.909 41.9439 7.9711 Pregnancy,”

69.9579 420.368 33.7585 7.9711 American
105.857 420.368 25.8340 7.9711 Journal
133.841 420.368 6.3904 7.9711 of
142.392 420.368 34.6300 7.9711 Obstetrics
179.157 420.368 13.3850 7.9711 and
194.700 420.368 41.6301 7.9711 Gynecology,
238.489 420.368 12.9869 7.9711 vol.
253.635 420.368 15.0609 7.9711 183,
270.855 420.368 11.4653 7.9711 no.
284.470 420.368 6.4540 7.9711 1,

69.9579 430.835 11.3990 7.9711 pp.
83.4173 430.835 28.0505 7.9711 S1–S22,
113.546 430.835 19.3459 7.9711 2000.

50.7339 441.293 15.2456 7.9711 [19]
69.9614 441.293 9.0301 7.9711 H.
80.9883 441.293 5.9860 7.9711 P.
88.9711 441.293 24.7966 7.9711 Adams
115.759 441.293 10.0540 7.9711 Jr.,
127.801 441.293 8.4428 7.9711 G.
138.240 441.293 10.7337 7.9711 del
150.972 441.293 25.9497 7.9711 Zoppo,
178.909 441.293 10.1598 7.9711 M.
191.057 441.293 4.8248 7.9711 J.
197.878 441.293 27.9841 7.9711 Alberts,
227.841 441.293 6.5374 7.9711 et
236.378 441.293 10.4754 7.9711 al.,
248.851 441.293 42.0955 7.9711 “Guidelines

69.9579 451.752 10.5570 7.9711 for
84.8744 451.752 11.3093 7.9711 the
100.536 451.752 17.2047 7.9711 early
122.102 451.752 46.7132 7.9711 management
173.191 451.752 7.2735 7.9711 of
184.821 451.752 21.6628 7.9711 adults
210.843 451.752 16.1467 7.9711 with
231.345 451.752 31.2614 7.9711 ischemic
266.968 451.752 23.9493 7.9711 stroke:

69.9579 462.219 3.9094 7.9711 a
77.1310 462.219 33.0878 7.9711 guideline
113.490 462.219 17.8279 7.9711 from
134.585 462.219 11.3066 7.9711 the
149.155 462.219 35.1824 7.9711 American
187.605 462.219 20.5797 7.9711 Heart
211.462 462.219 79.4226 7.9711 Association/American

69.9579 472.678 22.8921 7.9711 Stroke
94.8351 472.678 41.4113 7.9711 Association
138.227 472.678 22.8912 7.9711 Stroke
163.103 472.678 30.7440 7.9711 Council,
195.835 472.678 27.7223 7.9711 Clinical
225.537 472.678 39.9130 7.9711 Cardiology
267.436 472.678 23.4839 7.9711 Coun-

69.9579 483.136 10.5301 7.9711 cil,
83.3761 483.136 53.8701 7.9711 Cardiovascular
140.138 483.136 36.3892 7.9711 Radiology
179.423 483.136 13.5357 7.9711 and
195.847 483.136 45.0167 7.9711 Intervention
243.744 483.136 30.7386 7.9711 Council,
277.371 483.136 13.5339 7.9711 and

69.9579 493.603 11.3066 7.9711 the
84.7614 493.603 54.2629 7.9711 Atherosclerotic
142.521 493.603 36.9523 7.9711 Peripheral
182.974 493.603 30.2006 7.9711 Vascular
216.678 493.603 26.7019 7.9711 Disease
246.877 493.603 13.5312 7.9711 and
263.909 493.603 26.9503 7.9711 Quality

69.9579 504.062 7.2744 7.9711 of
82.3091 504.062 16.7573 7.9711 Care
104.147 504.062 36.7631 7.9711 Outcomes
145.998 504.062 7.2744 7.9711 in
158.348 504.062 31.6110 7.9711 Research
195.044 504.062 59.5243 7.9711 Interdisciplinary
259.642 504.062 31.2640 7.9711 Working

69.9579 514.520 28.9050 7.9711 Groups:
102.903 514.520 13.9921 7.9711 The
120.922 514.520 35.1725 7.9711 American
160.136 514.520 32.8744 7.9711 Academy
197.057 514.520 7.2529 7.9711 of
208.343 514.520 37.9180 7.9711 Neurology
250.299 514.520 25.2772 7.9711 aﬃrms
279.611 514.520 11.3165 7.9711 the

69.9588 524.988 18.8268 7.9711 value
90.7079 524.988 7.2529 7.9711 of
99.8787 524.988 13.1178 7.9711 this
114.907 524.988 33.1147 7.9711 guideline
149.944 524.988 7.0915 7.9711 as
158.946 524.988 8.8041 7.9711 an
169.676 524.988 41.8372 7.9711 educational
213.439 524.988 14.2108 7.9711 tool
229.566 524.988 10.5445 7.9711 for
242.022 524.988 48.8956 7.9711 neurologists,”

69.9588 535.446 41.5987 7.9711 Circulation,
113.617 535.446 12.9816 7.9711 vol.
128.668 535.446 15.0528 7.9711 115,
145.781 535.446 11.4626 7.9711 no.
159.313 535.446 10.7525 7.9711 20,
172.126 535.446 11.4008 7.9711 pp.
185.596 535.446 39.9579 7.9711 e478–e534,
227.632 535.446 19.3531 7.9711 2007.

50.7348 545.904 15.2375 7.9711 [20]
69.9543 545.904 7.7272 7.9711 R.
79.4712 545.904 7.7272 7.9711 R.
88.9881 545.904 31.4030 7.9711 Pindzola
122.188 545.904 13.5357 7.9711 and
137.523 545.904 9.0283 7.9711 H.
148.350 545.904 23.0257 7.9711 Yonas,
173.165 545.904 18.0162 7.9711 “The
192.977 545.904 59.7871 7.9711 xenon-enhanced
254.582 545.904 36.3740 7.9711 computed

69.9588 556.363 44.0950 7.9711 tomography
116.885 556.363 28.4925 7.9711 cerebral
148.212 556.363 20.8899 7.9711 blood
171.927 556.363 15.4859 7.9711 ﬂow
190.243 556.363 33.1273 7.9711 method,”
226.214 556.363 48.8974 7.9711 Neurosurgery,
277.937 556.363 12.9869 7.9711 vol.

69.9588 566.830 10.7561 7.9711 43,
82.7843 566.830 11.4644 7.9711 no.
96.3092 566.830 6.4540 7.9711 6,
104.832 566.830 11.3775 7.9711 pp.
118.270 566.830 41.0500 7.9711 1488–1492,
161.399 566.830 19.3603 7.9711 1998.

50.7348 577.289 15.2429 7.9711 [21]
69.9597 577.289 7.9353 7.9711 A.
80.1984 577.289 10.1589 7.9711 M.
92.6608 577.289 40.3219 7.9711 Kaufmann,
135.295 577.289 7.9353 7.9711 A.
145.533 577.289 8.2356 7.9711 D.
156.081 577.289 21.4835 7.9711 Firlik,
179.868 577.289 10.1616 7.9711 M.
192.334 577.289 7.2995 7.9711 B.
201.937 577.289 23.0876 7.9711 Fukui,
227.337 577.289 6.9131 7.9711 L.
236.562 577.289 7.7290 7.9711 R.
246.595 577.289 33.9414 7.9711 Wechsler,
282.857 577.289 8.0653 7.9711 C.

69.9588 587.747 7.9326 7.9711 A.
80.8780 587.747 31.4631 7.9711 Jungries,
115.318 587.747 13.5330 7.9711 and
131.839 587.747 9.0265 7.9711 H.
143.852 587.747 22.9970 7.9711 Yonas,
169.845 587.747 35.6764 7.9711 “Ischemic
208.514 587.747 15.2025 7.9711 core
226.701 587.747 13.5330 7.9711 and
243.221 587.747 37.4455 7.9711 penumbra
283.652 587.747 7.2780 7.9711 in

69.9588 598.214 25.7578 7.9711 human
97.7779 598.214 26.8508 7.9711 stroke,”
126.693 598.214 23.6973 7.9711 Stroke,
152.460 598.214 12.9851 7.9711 vol.
167.505 598.214 10.7561 7.9711 30,
180.330 598.214 11.4644 7.9711 no.
193.854 598.214 6.4540 7.9711 1,
202.378 598.214 11.3775 7.9711 pp.
215.815 598.214 23.8417 7.9711 93–99,
241.726 598.214 19.3603 7.9711 1999.

50.7339 608.673 15.2456 7.9711 [22]
69.9614 608.673 10.1598 7.9711 M.
83.6845 608.673 10.1598 7.9711 M.
97.4076 608.673 37.8884 7.9711 Kilpatrick,
138.868 608.673 9.0283 7.9711 H.
151.468 608.673 23.0365 7.9711 Yonas,
178.077 608.673 6.4181 7.9711 S.
188.058 608.673 36.9990 7.9711 Goldstein,
228.638 608.673 6.5374 7.9711 et
238.741 608.673 10.4754 7.9711 al.,
252.789 608.673 38.1691 7.9711 “CT-based

69.9579 619.131 39.1877 7.9711 assessment
112.333 619.131 7.2529 7.9711 of
122.772 619.131 18.9523 7.9711 acute
144.916 619.131 23.9519 7.9711 stroke:
172.052 619.131 24.0282 7.9711 CT,CT
199.260 619.131 46.3536 7.9711 angiography,
248.816 619.131 13.5303 7.9711 and
265.533 619.131 25.4072 7.9711 xenon-

69.9579 629.598 34.3817 7.9711 enhanced
106.823 629.598 11.3425 7.9711 CT
120.625 629.598 28.4889 7.9711 cerebral
151.588 629.598 20.8827 7.9711 blood
174.946 629.598 20.1278 7.9711 ﬂow,”
197.539 629.598 23.6973 7.9711 Stroke,
223.702 629.598 12.9780 7.9711 vol.
239.153 629.598 10.7489 7.9711 32,
252.367 629.598 11.4609 7.9711 no.
266.302 629.598 10.7489 7.9711 11,
279.516 629.598 11.3990 7.9711 pp.

69.9570 640.057 41.0500 7.9711 2543–2549,
113.085 640.057 19.3603 7.9711 2001.

50.7330 650.515 15.2483 7.9711 [23]
69.9632 650.515 8.0447 7.9711 K.
80.3741 650.515 41.3988 7.9711 Yamaguchi,
124.166 650.515 6.5347 7.9711 Y.
133.075 650.515 36.3892 7.9711 Fukuuchi,
171.840 650.515 6.4217 7.9711 S.
180.637 650.515 30.9933 7.9711 Nogawa,
214.023 650.515 6.7777 7.9711 T.
223.167 650.515 28.8906 7.9711 Dembo,
254.442 650.515 6.5347 7.9711 Y.
263.352 650.515 27.6237 7.9711 Tomita,

69.9570 660.983 13.5393 7.9711 and
86.8801 660.983 8.0464 7.9711 K.
98.3006 660.983 27.6694 7.9711 Tanaka,
129.362 660.983 36.4368 7.9711 “Recovery
169.189 660.983 7.2529 7.9711 of
179.817 660.983 34.7565 7.9711 decreased
217.967 660.983 16.8030 7.9711 local
238.163 660.983 28.5024 7.9711 cerebral
270.048 660.983 20.8639 7.9711 blood

69.9570 671.441 15.4895 7.9711 ﬂow
87.7373 671.441 29.8904 7.9711 detected
119.931 671.441 8.5261 7.9711 by
130.740 671.441 11.3228 7.9711 the
144.353 671.441 36.3605 7.9711 xenon/CT
183.002 671.441 15.7916 7.9711 CBF
201.070 671.441 28.0962 7.9711 method
231.461 671.441 7.2807 7.9711 in
241.028 671.441 3.9094 7.9711 a
247.220 671.441 25.2637 7.9711 patient
274.780 671.441 16.1646 7.9711 with

69.9570 681.900 40.2824 7.9711 eclampsia,”
112.715 681.900 13.3886 7.9711 The
128.564 681.900 15.2850 7.9711 Keio
146.313 681.900 25.8519 7.9711 Journal
174.629 681.900 6.3904 7.9711 of
183.485 681.900 34.0786 7.9711 Medicine,
220.011 681.900 12.9726 7.9711 vol.
235.457 681.900 10.7435 7.9711 49,
248.666 681.900 42.2667 7.9711 supplement

69.9570 692.358 6.4513 7.9711 1,
78.4777 692.358 11.3999 7.9711 pp.
91.9381 692.358 35.3940 7.9711 A71–A74,
129.392 692.358 19.3495 7.9711 2000.
